3159 4959
884 487 1085 533 niani
1136 484 1467 534 cxxxvi.
1512 485 2154 539 surrnsmm'ruu.
2445 470 2618 538 5843

408 626 725 706 preteriit:
770 644 1025 704 moxque
1064 626 1405 695 subsistens,
1446 626 1648 686 multis
1689 627 2062 687 audientibus
2097 630 2294 689 vocari

408 721 777 799 magistratus
809 720 1023 798 jussit:
1068 730 1084 756 ‘
1106 720 1362 780 animum
1405 742 1467 781 se
1510 722 1772 782 civitatis
1817 724 1894 781 ab
1934 744 1996 783 se
2037 723 2293 783 alienum

386 815 855 895 ,deprehendisse
879 835 954 875 ex
982 836 1075 886 eo,
1103 816 1264 894 quod
1290 817 1511 877 hostem
1538 838 1708 877 suum
1733 838 1930 878 secum
1971 820 2296 879 haberent!

409 910 749 971 Perterritis
786 912 899 981 his,
936 922 1003 971 ut
1028 930 1326 971 necessum
1368 921 1519 983 erat,
1547 922 1612 973 et
1634 915 2108 993 pernegantibus,
2135 935 2208 975 ae
2234 916 2292 975 in

406 1014 609 1067 mutuo
634 1006 849 1065 intuitu
872 1005 1109 1075 defixis,
1140 1025 1423 1067 converso
1446 1006 1523 1067 ad
1548 1016 1804 1067 statuam
1832 1016 2136 1069 contracto
2165 1010 2292 1069 vul-

405 1108 493 1172 tu,
538 1112 554 1137 ⁸
578 1101 709 1162 Hic
733 1104 917 1181 ergo,’
960 1102 1169 1180 inquit,
1210 1112 1229 1137 ‘
1254 1102 1433 1162 bostis
1457 1112 1652 1163 noster
1675 1124 1792 1163 non
1817 1104 2120 1163 vobiscum
2147 1116 2238 1165 est
2251 1106 2297 1164 ‘l'

402 1194 558 1256 Tum
604 1218 744 1257 vero
795 1198 1109 1277 impensius
1152 1197 1271 1256 illis
1319 1199 1670 1278 paventibus
1719 1199 1982 1259 arridens
2029 1197 2298 1260 laudavit

406 1290 643 1362 Gallos,
665 1293 823 1371 quod
843 1294 1023 1353 etiam
1048 1293 1419 1353 infortunatis
1443 1296 1618 1355 amici
1645 1315 1770 1355 esse
1794 1314 1910 1355 non
1931 1294 2292 1355 desinerent:

402 1397 773 1468 statuamque
798 1390 1019 1449 moveri
1043 1387 1176 1449 loco
1202 1388 1517 1469 prohibuit.

486 1490 548 1545 3.
593 1482 767 1543 Idem
806 1484 1063 1545 studenti
1104 1484 1427 1564 aliquando
1450 1494 1728 1565 nepotum
1755 1486 1932 1545 alicui
1955 1488 2291 1565 superveni-
2349 1491 2478 1545 Plut-
2509 1496 2616 1546 cie.

406 1602 531 1651 ens,
584 1600 717 1639 cum
768 1602 913 1661 puer
961 1582 1195 1641 territus
1238 1582 1511 1641 volumen
1556 1582 1881 1652 Ciceronis,
1915 1583 2074 1662 quod
2117 1602 2294 1643 manu
2316 1559 2400 1610 ᾖ·

404 1676 665 1747 tenebat,
684 1685 875 1736 *veste
914 1684 1155 1754 tegeret,
1200 1677 1529 1755 requisivit,
1574 1677 1974 1757 inspectoque,
2019 1698 2293 1755 magnam

398 1773 533 1849 ejus
573 1780 799 1851 partem
838 1781 999 1831 stans
1040 1772 1295 1831 evolvit:
1338 1772 1493 1832 libro
1531 1770 1745 1831 deinde
1791 1773 2044 1843 reddito,
2087 1782 2103 1809 ⁶
2127 1772 2291 1833 Doc-

402 1867 537 1937 tus,'
580 1867 792 1945 inquit,
839 1876 853 1902 ⁶
876 1867 971 1925 bic
996 1868 1087 1926 vir
1111 1866 1242 1935 fuit,
1270 1866 1393 1935 fi1i;
1436 1867 1671 1943 doctus,
1708 1876 1771 1927 et
1806 1868 2010 1947 patriae
2045 1870 2292 1929 amans.’

407 1961 507 2029 ob
558 1962 665 2021 has
732 1962 911 2039 igitur
976 1961 1286 2039 aequissimi
1348 1962 1528 2021 animi
1587 1961 2110 2022 demonstrationes
2180 1963 2292 2022 hoe

404 2077 561 2125 anno
617 2066 855 2117 senatus
904 2058 960 2116 ei
1013 2065 1353 2135 perpetuum
1416 2057 1782 2117 tribunatum
1840 2057 2030 2137 plebis
2087 2057 2290 2117 decre-

403 2153 531 2222 vit3
597 2161 937 2233 perpetuum
999 2150 1407 2231 proconsulare
1460 2152 1788 2231 imperium,
1839 2154 2016 2213 etiam
2069 2154 2128 2213 in
2171 2154 2291 2213 Ur·
2317 2162 2434 2215 Dio.

404 2250 503 2319 be,
546 2268 734 2328 neque
791 2246 1141 2310 renovandis
1196 2248 1477 2326 auspiciis
1530 2246 1838 2325 indigens:
1871 2250 2091 2328 jusque
2140 2250 2291 2311 refe-

405 2344 571 2403 rendi
612 2344 691 2403 ad
718 2353 934 2423 patres,
961 2344 1195 2404 tametsi
1222 2342 1427 2402 consul
1466 2362 1579 2403 non
1619 2354 1794 2413 esset,
1821 2343 1896 2405 de
1937 2364 2055 2404 uno
2093 2343 2290 2424 aliquo

398 2440 665 2515 negotio,
694 2439 854 2519 quod
894 2440 1016 2519 ipse
1056 2438 1315 2516 legisset,
1341 2437 1569 2516 quoties
1592 2447 1828 2499 senatus
1849 2449 2289 2500 convocaretur.

408 2536 515 2595 Ab
540 2536 633 2593 his
656 2536 1025 2615 temporibus
1044 2533 1337 2605 inolevit,¹’
1376 2534 1670 2614 principes
1693 2533 2024 2603 Romanos,
2045 2544 2110 2594 et
2129 2544 2289 2595 cete-

404 2631 481 2689 ris
506 2632 580 2690 iis
604 2630 941 2699 honoribus,
962 2640 1025 2691 et
1047 2631 1371 2691 tribunitiae
1395 2631 1699 2710 potestatis
1723 2629 1896 2690 titulo
1919 2650 1992 2691 ae
2005 2632 2144 2710 jure
2163 2633 2284 2699 uti:
2346 2637 2512 2701 snpra.

398 2725 563 2805 quod
586 2735 650 2785 et
676 2727 849 2807 priori
877 2727 1101 2787 Caesari
1124 2726 1445 2795 decretum,
1466 2725 1774 2803 Augustus
1797 2726 2054 2786 omnium
2071 2728 2294 2806 primus
2314 2706 2541 2817 {222⁶ss
2563 2710 2618 2816 :t

396 2833 769 2892 exercuerat,
806 2824 1023 2883 tribuni
1048 2822 1289 2901 quidem
1312 2841 1612 2900 nunquam
1637 2832 1916 2902 usurpato
1941 2824 2198 2883 nomine.
2313 2832 2395 2878 ⁸8.

484 2926 547 2978 4.
590 2918 712 2977 Sed
736 2920 865 2979 hoec
890 2937 1077 2995 neque
1102 2938 1207 2997 per
1244 2917 1642 2978 adulationem
1675 2920 1900 2979 tributa
1923 2917 2289 2979 videbantur.
2315 2892 2614 3008 ,gfcggffg

410 3012 647 3090 Dignus
684 3022 815 3071 erat
838 3014 938 3089 qui
978 3014 1107 3071 baec
1143 3020 1596 3089 consequeretur
1633 3012 1822 3070 libera.
1849 3013 2150 3073 voluntate
2181 3014 2290 3073 ,tri-
2314 3018 2384 3095 ibi
2405 3018 2536 3085 Lips.

388 3110 733 3181 buentium,
758 3128 909 3187 quos
948 3106 1167 3185 ubique
1208 3116 1487 3186 tanquam
1524 3106 1740 3167 liberos
1773 3108 2114 3188 imperiique
2149 3130 2289 3170 con-
2316 3080 2434 3131 ΒΨ·

404 3214 589 3265 sortes
615 3211 871 3263 tractare
912 3210 1317 3263 consueverat.
1401 3200 1596 3278 Igitur
1619 3210 1682 3261 et
1704 3202 2024 3261 Teridaten
2059 3203 2294 3262 induxit

404 3301 462 3361 in
488 3300 739 3369 curiam,
774 3306 836 3357 et
872 3297 1233 3357 Parthorum
1269 3296 1517 3373 legatos,
1546 3298 1648 3376 qui
1683 3296 1880 3356 adbuc
1906 3296 1964 3355 in
1993 3297 2294 3377 Hispania

406 3404 673 3474 agentem
732 3401 1147 3455 accesserant:
1208 3410 1399 3471 neque
1446 3392 1606 3471 prius
1651 3392 2040 3470 cognitionem
2093 3412 2291 3453 earum
2349 3397 2614 3475 Just-xpu-

392 3486 947 3560 contrusersiarum,
989 3506 1168 3567 quam
1212 3487 1291 3546 ab
1330 3494 1537 3547 senatu
1576 3486 1974 3557 mandaretur,
2013 3490 2290 3568 suscepit.
2315 3468 2370 3576 ᾗ
2393 3461 2598 3577 ⁰:331.
2639 3470 2648 3487 ⁶

388 3586 625 3647 ,Exitus
648 3587 747 3646 bic
771 3587 905 3656 fuit,
930 3593 997 3644 ut
1019 3583 1209 3644 filium
1235 3582 1532 3645 Phi-abati
1564 3586 1690 3643 sine
1725 3585 1916 3663 pretio
1953 3585 2290 3655 remitteret,
2375 3561 2388 3577 ’

405 3682 673 3760 captivos
712 3700 819 3761 pro
862 3700 935 3740 eo
972 3680 1257 3759 signaque
1296 3678 1575 3739 militaria
1601 3678 1802 3738 Crassi
1842 3678 2048 3758 primo,
2073 3679 2291 3739 deinde

408 3776 662 3836 Antonii
708 3776 981 3835 cladibus
1026 3786 1227 3855 capta,
1276 3774 1531 3834 invicem
1580 3784 2042 3853 recuperaturus.
2121 3774 2291 3833 Teri-

390 3872 585 3933 ·daten
622 3871 782 3943 dedi,
824 3871 1105 3932 adversus
1140 3870 1321 3930 fidem
1358 3870 1546 3930 videri
1580 3869 1916 3949 respondit:
1960 3869 2288 3949 eidemque,

468 4089 495 4123 δ
528 4086 607 4137 Ab
659 4084 736 4135 hi·
775 4083 1056 4147 temporibus
1096 4082 1317 4146 inolevit]
1380 4080 1559 4130 sedulo
1591 4078 1888 4129 notandum.
1955 4080 2080 4128 vid.
2112 4078 2290 4142 Sigon.

390 4152 582 4217 ‘Atque
635 4150 773 4213 hine,
814 4150 899 4198 vel
945 4163 1011 4196 ex
1062 4161 1194 4195 anno
1238 4161 1317 4195 se·
1383 4146 1670 4196 Commeat.
1708 4144 1758 4192 in
1799 4144 1980 4195 Fastos
2016 4144 2190 4208 Capit.
2223 4145 2291 4195 ad

396 4223 619 4279 querite,
644 4220 977 4264 numerantur
1006 4210 1124 4261 anni
1158 4210 1317 4259 tribu·
1380 4224 1500 4260 ann.
1520 4212 1637 4259 ⁷³0.
1681 4210 1823 4259 Creu.

408 4280 549 4330 uitia
592 4278 866 4345 potestatis
904 4275 1147 4341 Augusti,
1184 4274 1317 4340 quod
