3159 4959
632 444 817 511 5916
1568 456 1644 505 τ.
1691 456 1878 505 mvn
1967 470 1978 483 ·

638 623 771 687 qua
790 602 932 671 fieri
957 608 1212 684 posset,
1232 620 1315 665 ne
1338 600 1631 683 prodiret
1649 602 1714 664 in
1737 600 2099 684 publicum,
2125 600 2334 664 sedin
2354 598 2542 665 allud
2559 604 2838 684 tempus

640 708 945 769 senatum
976 702 1307 784 rejiceret.

716 800 889 863 Plut.
920 801 1077 863 Coes.
1104 824 1163 881 p.
1191 808 1330 865 788.
1397 800 1497 861 Cf.
1528 800 1695 889 Suet.
1721 801 1878 861 Caee.
1905 808 2005 860 81.
2037 802 2238 881 ibique
2265 802 2453 881 intpp.

722 898 977 963 Malum
1008 918 1208 963 omen
1252 906 1382 975 est,
1429 900 1697 981 quoties
1729 900 1959 973 AEtna,
2007 919 2193 961 mons
2237 899 2514 976 Siciliae,
2557 918 2684 963 non
2725 894 2840 965 fix·

634 1022 841 1079 mum,
892 1003 1009 1065 sed
1057 1000 1469 1069 flammarum
1519 1002 1722 1081 egerit
1767 1000 2046 1081 globos;
2090 1007 2185 1074 et,
2234 1005 2306 1063 ut
2355 1001 2520 1065 dicit
2569 1001 2834 1079 Liviae,

634 1110 821 1167 tanta
850 1102 1119 1166 flamma
1140 1110 1294 1165 ante
1320 1109 1604 1167 mortem
1631 1100 1924 1165 Caesaris
1944 1120 2030 1165 ex
2051 1100 2252 1164 AEtna
2281 1109 2499 1167 monte
2521 1102 2834 1176 defluxit,

634 1212 710 1269 ut
729 1223 861 1268 non
878 1210 1129 1269 tantum
1150 1202 1395 1267 vicinae
1417 1204 1638 1278 urbes,
1671 1202 1788 1264 sed
1822 1201 2022 1264 etiam
2049 1201 2350 1282 Rhegina
2371 1203 2633 1280 civitae,
2666 1222 2830 1286 quae

635 1306 849 1369 multo
878 1305 1103 1389 spatio
1133 1306 1218 1367 ab
1250 1323 1331 1368 ea
1354 1304 1583 1379 distat,
1614 1302 1966 1366 afflaretur.

720 1403 888 1464 Serv.
918 1404 995 1464 ad
1014 1403 1188 1481 Virg.
1220 1402 1441 1480 Georg.
1474 1417 1517 1460 1.
1544 1408 1686 1463 471.

725 1500 928 1579 Quod
965 1501 1050 1564 de
1090 1500 1359 1565 Caesare
1398 1500 1556 1563 olim
1602 1498 1855 1581 majore
1896 1499 2094 1579 vulgo
2123 1497 2494 1564 dictitat-un
2528 1504 2658 1567 est,
2687 1506 2754 1561 et
2783 1517 2832 1563 a

634 1600 720 1669 Τ.
748 1599 945 1665 Livio
974 1601 1291 1683 positum,
1322 1600 1389 1663 in
1422 1602 1680 1663 incerto
1709 1618 1882 1675 esse,
1927 1608 2148 1662 utrum
2175 1594 2362 1663 illum
2395 1599 2604 1679 magis
2635 1600 2831 1663 nasci

636 1702 734 1766 rei
763 1702 1055 1785 publicoe
1093 1700 1427 1783 profuerit,
1474 1720 1557 1764 an
1605 1719 1734 1763 non
1779 1700 1992 1775 nasci,
2045 1699 2180 1765 dici
2229 1698 2434 1763 etiam
2480 1698 2564 1763 de
2609 1700 2833 1763 ventis

639 1807 878 1886 potest.

713 1900 941 1960 Seneca
970 1896 1122 1959 Nat.
1156 1899 1388 1967 Quaest.
1426 1916 1487 1959 v.
1522 1906 1618 1958 18.

1455 2166 1557 2211 An
1611 2166 1756 2213 [AB.
1801 2164 1992 2213 CXX.

722 2332 825 2397 Μ.
876 2332 1119 2398 Cicero
1165 2332 1291 2395 sub
1334 2330 1688 2396 adventum
1737 2334 2214 2397 triumvirorum
2267 2339 2560 2397 cesserat
2612 2334 2829 2411 Urbe,

634 2456 759 2519 pro
790 2442 975 2499 certo
992 2434 1268 2511 habene,
1297 2432 1368 2497 id
1400 2432 1580 2515 quod
1611 2438 1775 2510 erat,
1805 2452 1935 2497 non
1965 2435 2178 2514 magis
2202 2432 2504 2497 Antonio
2533 2434 2696 2517 eripi
2726 2454 2828 2512 se,

634 2554 832 2619 quam
864 2534 1114 2599 Caesari
1148 2534 1455 2598 Cassium
1503 2540 1571 2597 et
1621 2535 1927 2612 Brutum,
1974 2553 2207 2617 posse.
2296 2533 2522 2599 Primo
2551 2537 2618 2598 in
2649 2534 2831 2599 Tus-

635 2637 945 2700 culanum
992 2633 1184 2716 fugit,
1239 2636 1390 2699 inde
1438 2638 1834 2701 transversis
1880 2636 2232 2699 itineribus
2274 2636 2342 2698 in
2375 2636 2828 2713 Formianum,

629 2744 707 2815 ‚ut
736 2737 824 2798 ab
856 2734 1089 2816 cajeta
1120 2736 1341 2797 navim
1380 2754 1894 2811 conscensuruS,
1924 2734 2389 2819 proficiscitur.
2479 2737 2676 2803 Unde
2705 2740 2826 2801 ali-

633 2836 897 2919 quoties
926 2836 993 2898 in
1024 2836 1235 2899 altum
1270 2846 1662 2917 provectum
1701 2857 1855 2901 cum
1901 2838 2103 2900 modo
2133 2838 2312 2901 venti
2357 2838 2616 2902 adversi
2649 2846 2832 2903 retu·

632 2936 893 3013 lissent,
919 2936 1121 3002 modo
1154 2938 1306 3021 ipse
1328 2938 1776 3023 jactationem
1797 2940 2011 3015 naviS,
2044 2957 2233 3003 caeco
2257 2938 2562 3003 volvente
2594 2938 2824 3018 fluctu,

632 3036 772 3121 pati
802 3056 931 3100 non
964 3046 1221 3120 posset,
1248 3040 1519 3105 taedium
1547 3040 1811 3104 tandem
1842 3060 1989 3103 enm
2022 3046 2089 3103 et
2118 3040 2291 3121 fugae
2324 3044 2390 3103 et
2421 3041 2580 3104 vitae
2609 3043 2828 3125 cepit;

628 3156 1103 3223 regressusque
1154 3139 1238 3204 ad
1282 3141 1697 3225 superiorem
1745 3139 1996 3213 villam,
2050 3159 2202 3223 quae
2234 3140 2439 3223 paulo
2470 3140 2618 3222 plus
2645 3140 2828 3205 mille

630 3240 957 3323 passibus
988 3261 1030 3305 a
1068 3243 1233 3306 mari
1266 3242 1479 3317 abest,
1527 3254 1544 3281 ⁸
1579 3242 1852 3314 Moriar,’
1897 3242 2127 3325 inquit,
2173 3246 2192 3277 ‘
2221 3243 2279 3301 in
2307 3241 2498 3321 patria
2522 3260 2679 3321 saepe
2705 3232 2826 3300 ser-'-

629 3336 813 3398 vata!
926 3342 1110 3406 Satis
1158 3348 1443 3419 constat,
1494 3361 1723 3405 servos
1779 3342 2033 3406 fortiter
2081 3341 2495 3421 fideliterque
2547 3346 2825 3421 paratos

628 3440 843 3523 fuisse
875 3441 962 3507 ad
994 3441 1478 3523 dimicandum;
1523 3445 1742 3525 ipsum
1787 3442 2035 3526 deponi
2079 3441 2398 3505 lecticam
2452 3445 2519 3503 et
2561 3440 2826 3521 quietos

630 3546 793 3626 pati,
836 3542 1017 3626 quod
1071 3542 1204 3604 fors
1252 3542 1483 3625 iniqua
1529 3552 1820 3625 cogeret,
1873 3544 2186 3627 jussisse.
2291 3540 2698 3605 Prominenti
2734 3560 2824 3606 ex

626 3644 867 3710 lectica
922 3642 1379 3727 praebentique
1432 3645 1770 3706 immotam
1829 3644 2152 3708 cervicem
2213 3650 2419 3726 caput
2468 3642 2824 3725 praecisum

631 3753 753 3809 est.
846 3746 995 3809 Neo
1050 3746 1216 3807 satis
1265 3744 1533 3808 stolidoe
1586 3744 1966 3808 crudelitati
2005 3744 2286 3807 militnm
2337 3742 2487 3808 fuit.
2573 3742 2821 3806 Manus

628 3864 915 3928 quoque,
952 3844 1298 3927 scripsisse
1328 3846 1395 3907 in
1425 3844 1790 3908 Antonium
1828 3843 2074 3928 aliquid
2107 3846 2618 3928 exprobranteS,
2650 3864 2820 3927 prae-

626 3947 943 4011 ciderunt.
1033 3944 1146 4009 Ita
1194 3946 1471 4012 relatum
1518 3952 1724 4029 caput
1767 3946 1852 4011 ad
1897 3946 2286 4023 Antonium,
2316 3944 2645 4028 jussuque
2673 3944 2820 4027 ejus

626 4048 793 4113 inter
837 4046 1004 4111 duas
1034 4065 1269 4109 manus
1310 4047 1376 4111 in
1415 4048 1655 4111 rostris
1702 4047 2016 4129 positum,
2065 4048 2180 4111 ubi
2233 4046 2348 4110 ille
2395 4046 2655 4123 consul,
2703 4045 2821 4112 ubi

624 4164 813 4228 saepe
875 4148 1255 4224 consularis,
1314 4149 1425 4212 ubi
1478 4166 1561 4211 eo
1613 4147 1766 4228 ipso
1817 4166 1994 4211 anno
2055 4147 2375 4212 adversus
2427 4145 2818 4236 Antonium,

626 4254 875 4327 quanta
917 4246 1097 4311 nulla
1141 4266 1435 4332 unquam
1480 4249 1766 4313 humana
1814 4268 1976 4327 vox,
2027 4268 2178 4315 cum
2209 4248 2650 4313 admiratione
2677 4246 2820 4313 elo·
2857 4312 2866 4317 .
