3159 4959
901 466 1107 515 mam
1156 466 1335 515 cxi„
1381 466 2024 517 suprnsmssnruu.
2410 450 2584 517 5903

360 610 589 669 minora
614 607 764 668 vitia
795 606 1059 674 ahtudin
1104 607 1334 686 reliquo
1372 608 1552 667 etiam
1588 607 1776 679 cultu,
1819 606 2258 690 officiorumque
2318 617 2416 666 Dio
2437 604 2508 666 αι’

357 725 493 765 cum
522 702 754 763 Groecis
777 702 1121 783 pariatione,
1162 704 1395 781 privato
1420 702 1687 762 similior.
2283 682 2482 731 Sueten.

442 807 541 859 32.
586 798 863 858 Ceterum
908 798 1181 877 praescnti
1224 797 1415 859 labori
1470 817 1604 857 meo
1657 800 1716 855 in
1761 797 1852 856 his
1895 800 2257 878 temporibus

361 898 623 976 actisque
650 894 825 953 finem
846 895 1026 964 facio,
1062 894 1223 955 circa
1247 914 1379 973 quae
1409 892 1720 953 Livianam
1747 894 1927 953 etiam
1949 896 2256 955 historiam

360 993 575 1051 desisse
618 991 835 1051 indicio
883 990 1298 1070 Epitomarum
1340 989 1834 1068 deprehenditur;
1886 998 2011 1050 toto
2057 993 2254 1051 animo

358 1108 556 1148 versus
596 1089 653 1145 in
692 1087 937 1166 majoris
961 1094 1022 1145 et
1049 1084 1463 1147 constantioris
1493 1085 1720 1164 imperii
1747 1093 2043 1146 auctorem
2061 1086 2250 1147 domi-

355 1201 611 1261 numque
664 1181 871 1241 Jesum
920 1179 1243 1249 Christum,
1300 1200 1475 1259 quem
1526 1180 1638 1239 sub
1687 1180 1862 1240 hosce
1909 1201 2092 1241 annos
2148 1182 2252 1259 (de

355 1278 545 1339 natali
590 1278 746 1337 enim
792 1278 925 1355 ejus
968 1274 1129 1335 haud
1180 1274 1411 1333 levibus
1458 1278 1814 1353 argumentis
1857 1277 2008 1335 inter
2049 1277 2254 1338 doctos

354 1373 715 1451 disputatur)
766 1372 1060 1431 hominem
1111 1379 1311 1429 natum
1357 1390 1495 1430 suus
1536 1372 1773 1451 aspexit
1823 1373 2018 1451 potius
2070 1394 2250 1453 quam

358 1468 603 1546 agnovit
624 1468 799 1526 orbis,
864 1465 1073 1545 Hujus
1091 1464 1399 1536 beneficio,
1426 1468 1473 1526 si
1503 1467 1645 1545 quid
1673 1467 1898 1528 utiliter
1919 1467 2247 1540 elaboravi,

355 1563 571 1623 debere
618 1582 711 1621 me
751 1570 943 1621 totum
986 1560 1295 1642 profiteor:
1338 1582 1590 1642 eumque
1635 1562 1977 1642 suppliciter
2017 1583 2141 1634 oro,
2184 1574 2250 1624 ut

355 1678 529 1739 porro
548 1666 801 1719 mentem
822 1678 951 1719 eam
972 1658 1118 1718 mihi
1137 1667 1349 1729 servet,
1376 1660 1578 1720 omnia
1596 1658 1672 1719 de
1693 1659 1908 1738 quibus
1925 1660 2022 1719 hic
2039 1662 2248 1740 scripsi

353 1775 555 1834 regna,
581 1755 881 1825 victorias,
902 1756 1245 1835 triumphos,
1268 1754 1434 1815 nullo
1452 1754 1634 1815 modo
1652 1754 1834 1833 digua
1853 1764 2242 1836 reputantem,

354 1851 434 1911 ob
458 1870 593 1930 quae
620 1849 777 1911 illius
802 1852 1171 1911 sanctissima
1192 1860 1378 1921 secta,
1406 1860 1512 1911 aut
1533 1849 1815 1931 quicquid
1841 1872 1915 1911 ea
1938 1852 2130 1912 facere
2170 1872 2242 1911 ac

357 1948 481 2027 pati
496 1947 699 2024 jubet,
728 1945 851 2005 ulla
876 1966 951 2007 ex
979 1954 1145 2025 parte
1172 1946 1519 2024 negligatur.
