3159 4959
1069 452 1465 501 ιιιιιιοκυιιι
1518 452 1738 501 mvn.
2317 433 2490 501 5941

194 680 203 689 ·
294 598 587 661 Duilius
626 597 857 661 consul
903 595 1223 661 adversus
1266 595 1553 660 classem
1586 594 1944 659 Poenorum
1978 614 2302 678 prospere
2327 618 2486 679 pug-

294 700 514 775 navit,
548 698 931 781 primusque
961 697 1247 760 omnium
1285 696 1746 759 Romanorum
1781 695 2024 759 ducum
2055 698 2318 761 navalis
2351 700 2492 762 vic·

294 801 505 864 toriae
530 800 739 863 -duxit
780 799 1201 881 triumphum.
1290 798 1399 861 Ob
1439 816 1642 881 quam
1695 815 1974 861 causam
2019 797 2086 860 ei
2131 804 2492 881 perpetuus

292 900 517 963 honos
556 900 820 963 habitus
856 905 981 974 est,
1024 903 1096 961 ut
1130 900 1481 961 revertenti
1525 916 1569 961 a
1607 916 1830 972 coena,
1874 898 2147 962 tibicine
2185 908 2492 977 canente,

290 1000 549 1063 funale·
583 998 1069 1083 praeferretur.¹⁹
1155 998 1237 1061 L.
1284 998 1634 1061 Cornelius
1677 998 1915 1061 consul
1955 999 2026 1061 in
2068 999 2381 1064 Sardinia
2423 1008 2493 1063 et

298 1099 591 1163 Corsica
620 1106 853 1164 contra
894 1099 1145 1163 Sardos
1178 1104 1245 1161 et
1280 1098 1533 1164 Corsos
1574 1105 1644 1162 et
1687 1098 2090 1163 Hannonem
2122 1098 2492 1165 Poenorum

298 1200 545 1264 ducem
598 1201 881 1264 feliciter
931 1200 1275 1283 pugnavit.
1364 1198 1618 1263 Atilius
1649 1196 2004 1263 Calatinus
2047 1200 2300 1276 consul,
2339 1220 2490 1265 cum

297 1302 373 1365 in
404 1303 625 1364 locum
656 1302 975 1382 iniquum,
1022 1320 1063 1363 a
1094 1300 1325 1363 Poenis
1358 1301 1884 1377 circumsessum,
1913 1306 2156 1364 temere
2187 1300 2498 1367 duxisset

304 1401 699 1477 exercitum,
749 1399 850 1462 Μ.
883 1399 1227 1483 Calpurnii
1258 1400 1497 1465 tribuni
1537 1400 1824 1463 militum
1848 1396 1878 1435 ‘¹
1917 1401 2156 1463 virtute
2195 1408 2264 1464 et
2290 1422 2498 1484 opera

303 1502 569 1581 evasit3
614 1502 752 1587 qui,
785 1522 931 1565 cum
966 1504 1275 1567 trecentis
1304 1501 1631 1566 militibus
1661 1500 2008 1581 eruptione
2028 1499 2235 1578 facta,
2264 1502 2495 1579 hostes

302 1602 379 1665 in
412 1622 487 1665 se
518 1610 1013 1667 converterat.²⁰
1085 1603 1432 1666 Hannibal
1450 1601 1608 1677 dux
1640 1602 2004 1665 Poenorum
2039 1602 2220 1666 victa
2249 1604 2494 1679 classe,

304 1704 417 1767 cui
473 1703 849 1786 praefuerat,
910 1724 951 1769 a
1004 1705 1321 1768 militibus
1374 1704 1514 1767 suis
1558 1704 1626 1765 in
1681 1702 1942 1767 crucem
2003 1703 2310 1768 sublatus
2369 1707 2495 1766 est.

304 1804 563 1868 Atilius
616 1804 915 1891 Regulus
970 1806 1227 1882 consul,
1277 1805 1477 1868 victis
1536 1804 1763 1869 navali
1826 1802 2063 1884 praelio
2114 1801 2378 1879 Poenis,
2429 1802 2495 1865 iu

304 1904 603 1969 Africam
637 1904 937 1987 trajecit-¹

1251 2000 1579 2022 omnum

377 2120 438 2165 18
472 2118 691 2165 Mart-itm
716 2116 984 2165 Cornelium
1007 2123 1161 2164 vocat
1200 2115 1340 2179 App.
1384 2116 1436 2163 in
1473 2114 1570 2164 Lib
1576 2119 1722 2164 .-—19
1757 2114 1996 2163 Tibia-ines
2030 2118 2266 2168 canerent,
2307 2118 2355 2160 et
2382 2112 2502 2169 sim.

303 2181 449 2242 μναῖ.
485 2182 701 2243 Donjat.
724 2194 841 2229 cum
866 2180 987 2229 edd.
1011 2188 1130 2231 ante
1154 2181 1309 2242 Sigon
1314 2184 1460 2229 .-2o
1496 2181 1742 2230 Convertit
1776 2179 1992 2241 Doujat.
1995 2182 2086 2226 -1
2127 2175 2320 2227 Omnia
2341 2177 2498 2226 verba

308 2252 426 2306 post
447 2246 655 2293 :ablatus
676 2250 747 2293 ece
770 2243 1004 2293 referunt
1028 2244 1188 2293 Grou.
1213 2254 1267 2293 et
1292 2245 1448 2293 Crev.
1470 2242 1537 2291 ad
1563 2244 1708 2306 Epit.
1735 2256 1897 2293 xviu.
1923 2257 2002 2305 pr.

1298 2389 1347 2439 N
1354 2386 1513 2439 0¹1·AE

376 2481 401 2515 ⁴
432 2482 511 2531 Μ.
538 2483 786 2544 Calpurnii
808 2484 989 2533 tribuni
1020 2485 1251 2548 militum]
1286 2485 1371 2534 Li·
1450 2483 1541 2532 lib.
1591 2495 1708 2532 xxx.
1793 2482 1926 2531 Cato
1969 2480 2036 2531 Q·
2076 2477 2369 2532 Coeditiurm
2412 2476 2500 2526 alil

314 2556 425 2603 vius
451 2546 781 2618 Calpurnium
815 2558 1096 2608 Flammam
1138 2560 1370 2607 nominat
1450 2558 1728 2607 Laberium
1743 2556 2070 2619 appellarunt
2091 2567 2158 2602 ex
2180 2552 2318 2602 Gell.
2343 2564 2434 2601 ιιι.
2451 2554 2500 2601 7.

1128 2820 1315 2886 LIB.
1388 2818 1688 2885 XVIII.

402 3000 655 3065 Atilius
682 3000 986 3083 Regulus
1006 3008 1031 3037 ²
1059 3002 1128 3064 in
1156 3000 1391 3067 Africa
1413 3006 1782 3083 serpentem
1811 3000 2216 3079 portentosae
2247 2994 2497 3075 magni-

316 3102 564 3165 tudinis
591 3120 745 3164 cum
774 3120 1011 3182 magna
1031 3109 1051 3147 ³
1102 3101 1379 3165 militum
1410 3099 1605 3166 clade
1636 3098 1909 3174 occidit,
1939 3103 2028 3175 et,
2060 3116 2210 3160 cum
2243 3094 2500 3177 aliquot

316 3202 565 3284 praeliis
611 3203 785 3265 ben‘e
848 3202 1171 3266 adversus
1223 3201 1816 3284 Carthaginienses
1837 3205 1870 3245 4
1913 3201 2294 3282 pugnasset,
2348 3214 2498 3259 suc-

317 3322 671 3387 cessorque
716 3304 781 3365 ei
810 3322 851 3367 a
883 3308 1115 3367 senatu
1145 3322 1467 3386 prospere
1496 3303 1752 3367 bellum
1803 3298 2049 3381 gerenti
2103 3316 2236 3361 non
2279 3296 2498 3360 mitte-

318 3411 511 3475 retur,
540 3404 607 3467 id
639 3406 861 3487 ipsum
892 3424 1009 3486 per
1036 3405 1271 3469 literas
1300 3405 1391 3468 ad
1424 3410 1732 3469 senatum
1761 3401 2008 3463 missas
2039 3403 2320 3479 questus
2349 3401 2500 3459 est.⁵

320 3502 395 3567 In
454 3506 699 3586 quibus
759 3506 931 3569 inter
988 3524 1231 3569 causas
1282 3505 1549 3589 petendi
1612 3500 2030 3567 successoris
2091 3505 2256 3574 erat,
2316 3493 2500 3579 quod

324 3604 565 3685 agellus
628 3605 777 3687 ejus
836 3625 877 3670 a
937 3609 1363 3672 mercenariis
1430 3608 1737 3671 desertus
1802 3598 2023 3670 essetf
2135 3598 2500 3677 Quaerente

324 3704 557 3767 deinde
588 3704 873 3782 fortuna,
912 3713 987 3769 ut
1024 3727 1329 3788 magnum
1372 3708 1718 3788 utriusque
1758 3721 1964 3767 casus
2003 3697 2392 3780 exemplum
2430 3696 2501 3759 in

325 3803 583 3887 Regulo
655 3804 1059 3886 proderetur,
1120 3808 1437 3870 arcessito
1496 3828 1537 3869 a
1595 3804 2244 3887 Carthaginiensibus
2305 3798 2502 3864 Xan-

1230 3970 1590 3990 00000000000

385 4070 415 4113 2
453 4066 561 4113 Cos.
584 4064 704 4115 add.
722 4066 940 4130 Doujat.
974 4066 1158 4116 Atilius
1178 4066 1387 4127 Regulus
1407 4080 1501 4114 cos.
1587 4064 1830 4125 ,tv-«fimi.
1854 4063 1986 4127 (vid.
2011 4062 2073 4112 acl
2099 4062 2242 4123 Epit.
2268 4074 2407 4110 xvn.
2415 4059 2505 4123 )et

328 4129 386 4177 ibi
404 4134 662 4191 serpentem
678 4130 841 4179 Gron.
859 4132 1011 4181 Crev.
1014 4136 1110 4180 —3
1135 4131 1357 4179 Maxima
1374 4130 1526 4192 Douj.
1548 4129 1704 4179 Crev.
1707 4135 1804 4179 -4
1827 4130 2024 4177 Proelt'is
2043 4129 2286 4177 adrasum
2305 4125 2506 4174 Cartha-

327 4193 535 4252 ‘iamnes
556 4194 767 4257 Doujat.
823 4196 1089 4245 Adversum
1110 4196 1267 4243 etlam
1290 4194 1351 4241 ha
1356 4194 1485 4242 bent
1504 4194 1670 4243 Gron.
1694 4194 1926 4242 Crev-5
1966 4193 2256 4255 Conquestu
2276 4194 2348 4239 ent
2368 4192 2510 4240 Dou-

327 4257 418 4319 ju.
452 4258 603 4308 Crov·
670 4258 799 4309 Mox
828 4266 932 4309 emt
966 4260 1073 4312 del.
1106 4259 1367 4310 Crem—6
1402 4258 1448 4309 A
1468 4258 1778 4309 memoriis
1801 4259 2126 4307 demutaretur
2146 4254 2266 4307 edd.
2268 4260 2404 4316 ante
2425 4254 2506 4305 si-
