3159 4959
1150 434 1549 487 munorum
1595 437 1820 487 mvn.
2397 424 2575 491 6979

389 578 661 647 sinissoe
686 578 887 652 filins,
914 576 1355 657 denuntiavit,
1376 578 1774 664 Carthagine
1803 579 2104 647 delectus
2131 580 2262 665 agi,
2283 580 2576 649 classem

386 682 785 765 comparari,
818 687 891 745 et
918 680 1097 745 haud
1126 680 1405 746 dubium
1449 680 1696 750 bellum
1735 682 1928 747 strui.
2015 680 2188 747 Cum
2224 682 2397 749 Cato
2421 702 2578 749 sua·

388 782 601 860 deret,
641 789 716 847 ut
761 784 849 847 iis
897 781 1143 847 bellum
1194 782 1616 860 indiceretur,
1663 783 1752 848 P.
1805 782 2120 849 Cornelio
2173 782 2436 851 Nasica
2476 786 2574 850 di-

386 890 600 961 cente,
630 882 795 947 nihil
824 888 1071 947 temere
1096 882 1513 961 faciundum,
1542 883 1824 965 placuit,
1855 883 2088 950 decem
2115 886 2286 951 mitti
2314 888 2573 969 legatos

383 986 828 1069 exploratum.
917 985 995 1049 L.
1027 984 1329 1051 Licinius
1362 985 1707 1065 Lucullus,
1737 984 1828 1052 A.
1860 987 2254 1054 Postumius
2285 988 2574 1054 Albinus

382 1086 716 1163 consules,
749 1104 903 1151 cum
930 1085 1263 1151 delectum
1292 1104 1521 1149 severe
1549 1095 1846 1167 agerent,
1873 1105 1996 1152 nec
2021 1108 2402 1173 quenquam
2430 1108 2576 1171 gra·

378 1188 479 1253 tia
502 1187 929 1264 dimitterent,
961 1186 1049 1251 ab
1082 1187 1367 1251 tribunis
1409 1186 1654 1269 plebis,
1687 1188 1804 1270 qui
1835 1206 1960 1269 pro
1989 1191 2232 1254 amicis
2273 1192 2418 1256 suis
2457 1208 2574 1255 va-

380 1289 717 1353 cationem
772 1287 1129 1370 impetrare
1190 1305 1317 1350 non
1378 1294 1708 1370 poterant,
1765 1288 1837 1351 in
1891 1306 2226 1355 carcerem
2283 1290 2574 1374 conjecti

383 1396 565 1453 sunt.
652 1386 819 1453 eum
870 1387 1329 1471 Hispaniense
1370 1388 1642 1466 bellum,
1681 1407 1920 1471 parum
1963 1408 2278 1472 prospere
2317 1391 2574 1473 aliquo·

380 1488 513 1553 ties
540 1494 821 1572 gestum,
864 1490 963 1553 ita
1004 1488 1424 1553 confudisset
1460 1490 1800 1555 civitatem
1849 1489 2243 1569 Romanam,
2283 1497 2357 1555 ut
2399 1510 2486 1555 ne
2521 1492 2575 1559 ii

381 1590 653 1673 quidem
692 1590 1155 1667 invenirentur,
1211 1592 1329 1673 qui
1371 1596 1493 1655 aut
1534 1591 1942 1657 tribunatum
1989 1592 2406 1675 exciperent,
2451 1602 2574 1658 aut

379 1691 583 1775 legati
604 1693 697 1757 ire
728 1691 991 1769 vellent,
1022 1690 1103 1755 P.
1130 1690 1477 1757 Cornelius
1520 1694 1923 1759 AEmilianus
1962 1694 2323 1777 processit,
2367 1699 2435 1759 et
2455 1714 2572 1759 ex-

377 1799 727 1875 cepturum
750 1812 826 1857 se
848 1792 1107 1858 militiae
1126 1812 1353 1875 genus,
1369 1792 1846 1877 quodcumque
1866 1796 2342 1877 imperaturum
2366 1802 2574 1875 esset,

376 1892 725 1981 professus
761 1900 879 1956 est.
971 1891 1132 1970 Quo
1180 1894 1495 1975 exemplo
1534 1912 1770 1959 omnes
1797 1894 1886 1958 ad
1921 1896 2208 1959 studium
2237 1895 2572 1961 militandi

378 1994 765 2063 concitavit.
852 1993 934 2057 L.
978 1992 1299 2057 Lucullus
1339 1995 1598 2071 consul,
1633 1996 1750 2078 qui
1779 1992 1884 2060 Μ.
1910 1994 2206 2060 Claudio
2238 1995 2570 2061 Marcello

378 2101 827 2174 successerat,
856 2112 1009 2158 cum
1056 2094 1383 2158 lacessere
1423 2114 1660 2159 omnes
1689 2096 2074 2160 Celtiberiae
2126 2098 2362 2179 populi
2394 2096 2574 2163 vide-

376 2206 627 2276 rentur,
675 2197 1013 2263 Vaccoeos
1032 2203 1081 2237 ¹¹
1128 2202 1197 2259 et
1236 2194 1610 2260 Cantabros
1650 2204 1722 2261 et
1751 2196 1922 2261 alias
1950 2196 2166 2261 adhuc
2197 2198 2570 2278 incognitas

373 2302 689 2366 nationes
712 2306 765 2338 ¹²
810 2299 879 2363 in
904 2296 1241 2379 Hispania
1270 2296 1555 2377 subegit.
1645 2296 1759 2361 Ibi
1792 2294 1872 2359 Ρ.
1909 2294 2259 2361 Cornelius
2300 2296 2570 2364 Africa·

377 2421 509 2467 nus
536 2408 584 2447 ¹³
632 2398 867 2483 Scipio
897 2397 1319 2473 AEmilianus,
1352 2395 1432 2459 L.
1462 2396 1685 2461 Paulli
1727 2396 1932 2471 filius,
1977 2396 2290 2463 Africani
2325 2417 2570 2481 nepos,

380 2502 503 2569 sed
554 2500 937 2585 adoptivus,
976 2504 1485 2583 provocatorem
1538 2499 1890 2563 barbarum
1930 2500 2234 2563 tribunus
2289 2498 2570 2564 militum

381 2603 670 2685 occidit;
714 2603 867 2666 etin
888 2600 1389 2683 oppugnatione
1410 2597 1792 2672 Intercatiae
1825 2600 2006 2663 urbis
2037 2599 2262 2683 majus
2290 2600 2494 2665 etiam
2517 2608 2572 2649 ¹⁴

374 2704 747 2791 periculum
780 2702 965 2769 adiit.
1056 2700 1126 2766 N
1128 2720 1235 2765 am
1266 2719 1523 2764 murum
1549 2699 1802 2783 primus
1822 2707 1873 2747 ¹⁵
1905 2700 2334 2765 transcendit.
2421 2701 2567 2765 Ser.

376 2806 725 2890 Sulpicius
752 2803 981 2869 Galba
1004 2808 1251 2885 praetor
1276 2801 1453 2866 male
1482 2798 1808 2865 adversus
1837 2801 2198 2865 Lusitanos
2221 2804 2570 2885 pugnavit.

380 2906 555 2973 Cum
580 2905 783 2987 legati
812 2923 901 2967 ex
948 2901 1183 2965 Africa
1214 2920 1369 2964 cum
1408 2902 1792 2965 oratoribus
1833 2900 2467 2983 Carthaginiensium
2501 2906 2571 2966 et

378 3005 684 3073 Gulussa
728 3001 1114 3071 Masinissae
1160 3001 1301 3065 filio
1327 3000 1673 3078 redissent,
1708 3000 2160 3085 dicerentque,
2206 3008 2276 3067 et
2313 3004 2572 3067 exerci-

379 3113 527 3171 tum
557 3104 609 3147 ¹⁶
650 3098 728 3169 se'
750 3108 822 3169 et
870 3103 1153 3173 classem
1198 3100 1602 3184 Carthagine
1645 3100 2184 3184 deprehendisse,
2231 3104 2568 3187 perrogari

378 3208 738 3275 sententias
768 3206 1043 3291 placuit.
1116 3202 1375 3269 Catone
1404 3211 1471 3269 et
1500 3204 1650 3267 aliis
1680 3203 2094 3286 principibus
2123 3205 2380 3268 senatui
2411 3224 2566 3271 sna-

308 3364 313 3369 .
375 3310 715 3383 dentibus,
757 3315 834 3373 ut
875 3308 945 3372 in
982 3304 1283 3372 Africam
1329 3303 1682 3371 confestim
1716 3308 2266 3389 transportaretur
2311 3305 2563 3369 exerci-

1289 3501 1318 3523 O
1324 3500 1467 3523 ”000
1471 3496 1650 3522 ‘0000‘

380 3650 533 3700 cm.
593 3648 668 3699 ce
706 3649 742 3697 ’.
765 3647 932 3698 Gron.
965 3646 1221 3710 predictos
1252 3646 1397 3694 eadee
1425 3644 1698 3701 dedinent,-
1732 3648 1821 3691 ant
1849 3656 1880 3691 u
1913 3644 2119 3704 pretore
2147 3640 2228 3689 die
2259 3638 2390 3689 dictu
2425 3639 2565 3688 ωας.

378 3714 633 3765 ment.
670 3662 825 3761 '3101
844 3711 1052 3775 quidam
1086 3710 1216 3759 Has.
1236 3708 1498 3771 micuit,
1528 3716 1588 3757 et
1619 3706 1808 3757 deinde
1839 3708 1965 3755 lund
1985 3705 2125 3755 dubie
2155 3704 2324 3753 bellum
2355 3703 2566 3779 strui.—

379 3782 442 3827 11
497 3777 675 3827 conoul
714 3791 820 3825 erun
862 3774 1061 3823 Claudio
1098 3773 1345 3833 Marcello,
1382 3772 1464 3822 eui
1505 3776 1806 3829 emeruerat,
1848 3784 1972 3825 cun,
2012 3772 2093 3832 qe.
2139 3768 2305 3843 Grou..
2343 3768 2566 3830 DouJat.

380 3842 557 3891 consul
582 3839 841 3905 (cmm
878 3838 1155 3893 Marcellae,
1187 3837 1266 3885 cui
1302 3842 1608 3891 necuter-ut,
1809 3849 1835 3883 e
1870 3847 2030 3882 me·
2070 3831 2336 3881 Celtiberia
2367 3834 2564 3895 populu

374 3920 481 3956 m
500 3902 763 3967 nitimur)
790 3902 1027 3964 Vmou,
1048 3904 1130 3964 4¹⁰·
1163 3900 1453 3950 Crev.—12
1477 3901 1634 3949 Canta
1766 3902 1812 3947 et
1835 3899 1958 3947 alias
1979 3896 2198 3958 regiones
2219 3902 2416 3945 tantum
2441 3895 2566 3946 edd.

374 3978 500 4029 ante
520 3970 827 4033 Sigeas-18
854 3970 871 3994 ⁶
898 3966 1017 4015 Vox
1038 3964 1297 4025 Ali-im
1332 3963 1573 4020 delenda,
1603 3963 1689 4025 (ut
1710 3973 1764 4011 et
1787 3963 1840 4010 iu
1873 3961 2018 4024 Eplt.
2056 3972 2210 4009 xnrx.
2239 3974 2287 4009 c.
2321 3958 2404 4022 6.)
2441 3960 2564 4023 qnia

374 4035 602 4085 noudum
626 4033 681 4081 id
704 4044 989 4095 cognomen
1012 4028 1255 4083 habebat.
1293 4036 1383 4077 ant
1416 4037 1579 4087 certe,
1606 4028 1648 4075 si
1675 4041 1770 4089 per
1801 4025 2060 4088 prolepsin
2095 4022 2406 4077 excusanda,
2443 4032 2564 4087 post

374 4098 541 4162 Scipio
562 4096 800 4161 ponenda
836 4093 956 4145 eet?
988 4093 1279 4143 mulce-14
1313 4092 1377 4141 In
1406 4092 1755 4155 expugnatione
1773 4095 1924 4153 cepta
1941 4088 2074 4139 urbis
2101 4088 2254 4151 ndns
2275 4088 2422 4139 multe
2444 4088 2565 4139 edd.

375 4173 501 4213 ante
519 4163 695 4224 Sigen.
760 4159 927 4219 Mae·
957 4160 1107 4209 multo
1136 4157 1332 4207 habent
1366 4157 1521 4206 etium
1556 4156 1722 4205 Gran.
1764 4154 1980 4216 Donjat.
2020 4152 2298 4202 Crem—15
2339 4152 2563 4202 Onam

378 4228 501 4277 add.
524 4227 793 4277 eade—16
824 4226 947 4273 Vet.
970 4222 1059 4271 lib.
1081 4222 1219 4285 apud
1244 4222 1418 4282 sigon.
1442 4222 1744 4282 dicerentque
1759 4234 1830 4276 ee,
1864 4223 1912 4267 et
1938 4217 2210 4267 exereitum.
2277 4217 2424 4271 Mes,
2450 4232 2561 4280 pro.

376 4292 541 4353 ητα-ἰ
578 4292 861 4353 renuntias!
901 4287 1021 4338 edd.
1064 4294 1185 4339 ante
1220 4286 1399 4351 Sigon.
1464 4284 1748 4348 Pes-rogatio
1776 4282 2028 4333 &mstis
2058 4282 2190 4347 eonj-
2221 4281 2274 4334 J·
2307 4282 2366 4332 F.
2399 4280 2561 4333 Gran.
