3159 4959
873 406 1074 455 unm
1123 404 1400 454 cxxvi.
1445 392 1789 455 strenam
1804 408 2095 457 aurun.
2414 390 2591 459 5575

427 546 514 609 ’9.
555 546 748 626 Igitur
769 552 930 607 metu
957 547 1116 607 omni
1141 546 1432 627 deposito,
1457 567 1594 607 cum
1614 548 1693 607 ob
1717 547 2029 609 destitutas
2053 547 2259 611 (Βαα-
2286 560 2497 626 Appian.

369 646 448 705 ris
473 652 666 724 partes
689 650 1081 715 accusaretur,
1107 662 1222 704 non
1241 644 1429 721 magis
1451 644 1763 704 excusavit
1774 664 1925 714 sese,
1945 664 2123 724 quam
2150 647 2259 705 im-

368 741 600 819 putavit
621 737 778 799 ultro
811 748 1066 818 quatuor
1101 738 1360 816 legiones
1397 759 1534 799 cum
1571 738 1823 799 Allieno
1852 741 2057 800 missas
2092 742 2261 802 initio

366 834 533 906 belli,
585 836 948 915 classemque
989 844 1278 918 paratam,
1313 836 1420 895 sed
1464 836 1936 917 tempestatibus,
1978 845 2043 897 et
2084 838 2261 899 celeri

367 930 706 992 Dolabellae
729 952 870 991 casu
897 934 1248 1013 prohibitam
1273 932 1488 1011 egredi.
1571 942 1591 968 ‘
1610 930 1835 1011 Neque
1858 940 2051 993 tamen
2076 934 2259 995 semel

363 1027 688 1109 iterumque
721 1049 862 1089 cum
903 1030 1198 1090 atrocibus
1234 1030 1409 1089 minis
1445 1026 1741 1107 flagitanti
1786 1028 1997 1090 Cassio
2042 1031 2259 1091 misisse

363 1124 610 1185 auxilia.
693 1125 860 1191 Quin
883 1145 1022 1186 cum
1059 1125 1505 1185 instructissima
1541 1124 1733 1185 classe
1774 1126 1963 1205 ipsam
1998 1126 2077 1186 ad
2102 1146 2259 1187 mare

365 1217 600 1280 Ionium
643 1222 980 1292 acceoeisse,
1015 1242 1132 1281 non
1159 1220 1470 1299 diligentia
1513 1220 1713 1280 Murci
1750 1220 2113 1291 deterritam,
2154 1222 2259 1281 sed

361 1318 812 1396 tempestatibus
855 1326 920 1377 et
971 1316 1216 1377 classem
1261 1316 1631 1396 dissipatam,
1671 1325 1735 1377 et
1783 1337 1845 1376 se
1890 1317 1949 1376 in
1992 1318 2261 1378 morbum

359 1413 716 1490 conjectam,
757 1420 820 1471 et
879 1412 1106 1473 interea
1154 1412 1534 1492 Philippensi
1573 1412 1703 1473 acie
1748 1410 2051 1471 decretum
2094 1414 2261 1474 esse.'

362 1505 506 1566 Nec
531 1506 684 1566 falso
709 1508 822 1567 ista
835 1508 1244 1585 jactabantur.
1327 1506 1451 1567 Sed
1493 1507 1628 1588 plus
1654 1507 1811 1589 apud
1838 1507 2123 1569 lascivum
2148 1510 2255 1571 lio-

359 1602 530 1662 minis
553 1603 812 1662 animum
837 1602 1030 1663 forma
1061 1612 1124 1663 et
1165 1623 1405 1663 veneres
1446 1602 1808 1684 Cleopatrae‚
1834 1624 2013 1683 quam
2054 1625 2253 1677 causa,

360 1698 686 1759 valuerunt.
747 1697 940 1776 Igitur
957 1720 1035 1760 ex
1061 1719 1162 1759 rea
1179 1700 1376 1759 statim
1403 1701 1618 1771 amica,
1644 1701 1841 1759 statim
1864 1699 2103 1759 domina
2126 1700 2253 1761 fac-

357 1802 442 1863 ta,
493 1814 608 1853 non
652 1794 848 1854 modo·
870 1815 1110 1874 regnum
1143 1794 1394 1874 AEgypti
1427 1795 1687 1865 retinuit,
1728 1794 1835 1855 sed
1880 1795 1939 1853 in
1983 1794 2253 1857 Antonio

357 1891 590 1969 subegit
613 1892 915 1951 orientem.

441 1994 534 2045 10.
565 1988 714 2047 Erat
729 1990 886 2047 enim
911 2008 1026 2049 non
1047 1986 1222 2047 modo
1246 1986 1707 2070 pulchritudine,
1729 1988 1832 2049 sed
1856 1988 2047 2067 magis
2070 1988 2251 2049 etiam
2277 2004 2405 2053 Plut.

353 2081 550 2163 lepore
599 2085 858 2163 quodam
905 2094 968 2143 et
1009 2084 1308 2162 elegantia
1347 2084 1628 2162 singulari
1679 2083 1927 2163 praedita
1964 2104 1981 2143 ε
2046 2104 2251 2163 quam,

353 2179 638 2259 quicquid
671 2189 874 2258 ageret
899 2188 1008 2239 aut
1041 2180 1400 2257 loqueretur,
1425 2179 1706 2240 decerent
1733 2181 1951 2239 omnia.
2034 2180 2253 2258 Super·-

349 2284 480 2335 erat
505 2278 656 2335 mira
681 2277 900 2354 ingenii
919 2277 1010 2335 vis
1033 2284 1098 2334 et
1115 2275 1418 2346 alacritas,
1433 2277 1619 2335 etiam
1648 2274 1936 2354 prioribus
1960 2275 2257 2335 amoribus

347 2372 618 2430 excitata
651 2382 714 2431 et
755 2371 988 2430 erudita
1003 2391 1022 2441 3
1066 2372 1210 2451 quia
1250 2370 1613 2451 puellaribus
1659 2371 1851 2430 adbuc
1898 2372 2085 2442 annis,
2136 2373 2253 2433 Cn.

349 2466 714 2545 Pompeium
735 2466 1188 2537 adolescentem,
1205 2467 1467 2545 quando,
1488 2466 1695 2526 classis
1715 2464 2035 2527 educendae
2050 2486 2251 2537 causa,

349 2560 648 2639 profectus
677 2562 734 2621 in
763 2562 1090 2643 AEgyptum
1116 2562 1250 2633 fuit,
1277 2570 1340 2621 et
1363 2554 1504 2621 mox
1533 2560 1833 2621 Caesarem
1872 2563 2249 2642 mancipave-

346 2659 522 2717 erat.'’
562 2658 918 2719 Accedebat
939 2668 1004 2719 et
1021 2660 1280 2719 suavitas
1303 2677 1633 2717 sermonum
1653 2666 1717 2717 et
1738 2657 2014 2729 eruditio,
2032 2660 2247 2719 multa-

347 2774 592 2833 rumque
611 2755 866 2832 cognitio
893 2754 1245 2831 linguarum.
1329 2752 1513 2813 Raris
1535 2754 1693 2813 enim
1713 2753 1949 2833 populis
1974 2774 2252 2835 responsa

348 2868 452 2927 per
477 2850 822 2929 interpretes
845 2848 1050 2909 dabat.
1093 2848 1249 2909 Cum
1267 2846 1667 2928 AEthiopibus,
1686 2847 2091 2927 Troglodytis,
2114 2849 2247 2909 He-

345 2943 538 3015 braeis,
580 2945 908 3015 Arabibus,
953 2944 1142 3023 Syris,
1194 2943 1418 3015 Medis,
1465 2944 1698 3013 Persis,
1746 2942 1996 3023 aliisque
2048 2944 2251 3005 multis

345 3040 618 3115 gentibus
642 3040 773 3119 ipsa
799 3038 963 3118 loqui
987 3048 1222 3118 poterat
1241 3060 1268 3109 3.
1287 3058 1424 3099 cum
1451 3047 1589 3097 ante
1614 3039 1803 3117 ipsam
1826 3058 1993 3117 reges
2018 3038 2247 3120 AEgyp-

343 3134 487 3193 tiam
512 3155 746 3214 quoque
766 3135 1026 3212 linguam
1051 3133 1276 3193 discere
1301 3153 1418 3195 non
1437 3134 1865 3203 sustinuissent,
1890 3134 2247 3209 nonnullius

345 3228 802 3291 Macedonicam
827 3228 1068 3310 quidem
1093 3230 1402 3290 callerent.

428 3332 529 3383 11.
556 3324 682 3383 His
707 3327 932 3385 artibus
957 3325 1124 3385 brevi
1147 3325 1234 3384 sic
1259 3325 1318 3383 in
1347 3332 1641 3404 potestate
1665 3323 1998 3383 Antonium
2018 3322 2248 3394 habuit,
2303 3332 2501 3398 Joseph.

329 3430 410 3497 ‘ut
427 3438 542 3479 non
566 3421 658 3479 his
685 3420 862 3480 modo
901 3420 1120 3489 illiciis,
1148 3419 1252 3479 sed
1279 3420 1458 3480 etiam
1491 3418 1793 3481 veneficiis
1824 3428 2035 3499 eaptus
2058 3419 2247 3481 domi·
2270 3397 2545 3511 2¹²⁶q‘u·

342 3524 550 3594 tusque
574 3514 928 3575 crederetur.
1011 3514 1192 3575 Nihil
1217 3516 1371 3575 enim
1397 3528 1522 3575 tam
1547 3522 1653 3575 aut
1688 3515 1903 3592 largitu
1928 3514 2246 3576 detrimen-

342 3620 554 3681 tosum,
601 3620 707 3671 aut
729 3611 896 3671 factu
935 3621 1104 3691 turpe
1134 3620 1282 3681 erat,
1318 3612 1480 3691 quod
1515 3610 1627 3672 illa
1670 3622 1875 3692 petens
1904 3631 2017 3671 non
2059 3612 2244 3692 impe-

339 3716 540 3766 traret.
625 3706 827 3767 Paulo
863 3716 1000 3767 ante
1039 3708 1278 3767 fratrem
1307 3707 1615 3788 virumque
1640 3728 1831 3779 suum,
1859 3710 2051 3769 aetatis
2072 3709 2242 3788 quin-

337 3810 466 3861 tum
497 3802 788 3863 decimum
817 3822 1033 3861 annum
1061 3812 1352 3880 agentem,
1379 3823 1609 3863 veneno
1645 3802 1978 3863 sustulerat.
2064 3802 2245 3862 Soror
2268 3820 2385 3871 Dio.

341 3898 594 3957 Arsinoe
622 3896 904 3977 religione
943 3898 1128 3957 vitam
1167 3898 1491 3969 tutabatur,
1523 3897 1739 3958 D‘ianae
1766 3898 1929 3957 facta
1964 3897 2239 3977 supplex,
2262 3884 2480 4016 &33¹3-

399 4110 424 4144 Β
460 4112 551 4159 Cn.
595 4111 874 4174 Pompeium
917 4112 1253 4160 adolescentem
1323 4111 1489 4173 ipsum
1518 4110 1817 4165 Antonium.
1847 4116 1968 4159 tunc
1989 4110 2237 4170 curn,Ga-

338 4210 351 4222 .
375 4210 392 4225 .
417 4177 820 4240 .muncipwemt]
867 4176 1006 4227 Quin
1029 4187 1085 4225 ct
1111 4175 1254 4238 prius
1329 4176 1468 4225 binio
1507 4178 1656 4231 duce,
1692 4175 1965 4239 AEgyptum
2002 4175 2235 4234 intravit,

337 4253 541 4305 quicque
565 4241 616 4289 in
637 4254 752 4290 eam
773 4242 1056 4303 conjecisse
1079 4241 1257 4292 oculos
1327 4239 1603 4305 Appianas
1626 4249 1807 4289 auctor
1830 4248 1928 4291 est.
1965 4242 2103 4291 Creu.
