3159 4959
2369 436 2544 501 5950

356 600 659 666 adversae
696 593 1015 662 factionis
1060 593 1429 677 principum
1474 594 1762 671 delatus,
1807 596 2080 679 propter
2119 598 2366 657 metum
2398 592 2542 659 Ro-

354 718 713 781 manorum,
744 698 862 779 qui
904 696 1167 776 legatos
1204 695 1289 757 ad
1322 694 1963 778 Carthaginiensium
2001 702 2300 760 senatum
2342 695 2428 758 de
2457 715 2540 759 eo

354 802 691 873 miserant,
724 797 1045 881 profugus
1086 795 1171 859 ad
1206 794 1606 860 Antiochum
1637 814 1854 879 regem
1887 795 2102 879 Syriae
2129 816 2204 863 se
2236 796 2546 875 contulit,

356 901 606 966 bellum
638 906 865 963 contra
899 898 1248 963 Romanos
1280 902 1642 980 parantem.

1124 450 1197 497 m
1212 448 1515 502 nonum
1564 452 1789 503 lell.

1133 1195 1319 1261 LIB.
1380 1192 1765 1261 XXXIV.

447 1382 589 1447 Lex
625 1381 877 1464 Oppia,
899 1399 1101 1465 quam
1131 1378 1209 1443 C.
1242 1377 1513 1463 Oppius
1545 1379 1850 1443 tribunus
1883 1378 2098 1461 plebis
2125 1378 2306 1443 bello
2338 1379 2543 1446 Puni·

361 1502 443 1547 co
464 1491 495 1531 4
524 1482 605 1547 de
624 1482 932 1545 finiendis
953 1488 1397 1545 matronarum
1422 1480 1747 1544 cultibuss
1763 1488 1786 1516 ⁶
1815 1480 2074 1557 tulerat,
2095 1500 2247 1545 cum
2272 1480 2546 1565 magna⁶

361 1583 781 1651 contentione
815 1570 1139 1663 abrogata
1168 1590 1290 1657 est,
1317 1602 1465 1645 cum
1492 1581 1781 1646 Porcius
1814 1582 1989 1661 Cato
2021 1588 2257 1657 auctor
2283 1582 2544 1661 fuisset,

358 1706 446 1750 ne
478 1704 562 1750 ea
598 1685 711 1748 lex
748 1684 1143 1747 aboleretur.
1228 1682 1329 1759 Is,
1373 1684 1437 1746 in
1484 1682 1891 1767 Hispaniam
1941 1684 2308 1766 profectus,
2347 1683 2546 1762 bello,

358 1786 541 1869 quod
588 1785 931 1867 Emporiis
970 1802 1164 1847 orsus
1213 1792 1345 1861 est,
1385 1784 1760 1848 citeriorem
1799 1784 2212 1868 Hispaniam
2261 1786 2550 1866 pacavit.

357 1887 445 1951 T.
476 1884 799 1964 Quintius
826 1884 1249 1949 Flamininus
1275 1884 1523 1949 bellum
1550 1884 1874 1949 adversus
1899 1882 2458 1951 Lacedaemonios
2479 1893 2552 1950 et

356 1994 708 2070 tyrannum
744 2004 973 2051 eorum
1010 1985 1339 2049 Nabidem
1386 2004 1698 2067 prospere
1739 1991 2021 2067 gestum,
2048 1984 2210 2049 data
2239 1986 2325 2048 iis
2356 2005 2548 2068 pace,

360 2072 625 2169 qualem
666 2084 813 2169 ipse
847 2086 1077 2161 voluit,
1120 2085 1551 2165 liberatisque
1580 2082 1804 2165 ArgiS,
1849 2086 1963 2167 qui
2007 2084 2134 2149 sub
2163 2086 2409 2150 ditione
2449 2092 2547 2169 ty·-

357 2187 546 2251 ranui
590 2194 799 2265 erant,
842 2186 1083 2251 finivit.
1173 2185 1464 2249 Senatus
1508 2192 1664 2250 tunc
1703 2186 1983 2266 primum
2027 2192 2326 2250 secretus
2355 2204 2398 2250 a
2427 2206 2546 2270 po-

356 2288 517 2371 pulo
546 2287 747 2351 ludos
784 2288 1157 2370 spectavit:
1206 2294 1280 2350 ut
1316 2285 1386 2348 id
1428 2284 1631 2361 fieret,
1679 2285 1834 2351 Sex.
1865 2284 2082 2350 AElius
2111 2286 2346 2353 Paetus
2375 2293 2442 2352 et
2469 2286 2553 2351 G.

356 2387 713 2452 Cornelius
734 2396 760 2436 ⁷
808 2388 1139 2470 Cethegus
1171 2405 1483 2451 censores
1512 2386 2023 2463 intervenerunt,
2063 2405 2212 2449 cum
2254 2386 2552 2469 indigna-

359 2488 544 2552 tione
603 2488 843 2570 plebis.
929 2487 1239 2551 Coloniae
1302 2488 1642 2570 pleraeque
1663 2486 1690 2525 ⁸
1765 2485 2074 2551 deductae
2103 2482 2132 2522 ‘¹
2187 2492 2360 2551 sunt.
2437 2487 2553 2551 Μ.

354 2590 646 2655 Porcius
677 2589 851 2654 Cato
899 2587 985 2652 de
1028 2589 1365 2671 Hispania
1396 2587 1856 2669 triumphavit.
1945 2586 2091 2651 Res
2133 2593 2452 2671 praeterea
2481 2589 2550 2653 in

363 2689 726 2774 Hispania,
776 2695 887 2755 et⁹
928 2689 1251 2755 adversus
1296 2689 1513 2753 Boios
1554 2697 1622 2754 et
1655 2688 1972 2753 Insubres
2001 2686 2240 2754 Gallos
2268 2688 2553 2755 feliciter

1274 2852 1640 2876 OOOOOOOOOOO

427 2958 459 3003 4
490 2952 505 2979 ‘
528 2950 793 3001 Obscurus
817 2957 871 2999 et
894 2953 1105 3000 mutilus
1124 2952 1287 3002 locus.
1352 2952 1660 3016 supplemus
1694 2965 1804 3007 nos,
1829 2956 1952 2999 nota
1978 2950 2180 3001 numeri
2203 2966 2318 3011 qun
2341 2954 2554 3004 excide·

362 3025 445 3065 nt
480 3014 771 3077 interjecta,
804 3015 921 3062 beno
952 3016 1137 3063 Punico
1172 3016 1269 3064 11:
1316 3016 1433 3066 διο.
1469 3016 1730 3065 orum—5
1767 3014 2074 3075 Str-incendis
2106 3024 2162 3063 et
2190 3014 2442 3080 fingendis
2481 3020 2550 3067 al.

366 3079 590 3129 cultibus
618 3082 942 3128 matronarum
978 3078 1139 3128 Gron.
1176 3079 1387 3142 Doujat.
1425 3080 1676 3129 Crem—6
1716 3080 1834 3127 Cum
1875 3080 2085 3127 maxima
2129 3078 2292 3129 Gron.
2338 3081 2552 3145 Doujst.

366 3142 493 3192 Mox
516 3142 595 3195 M.
617 3142 819 3191 Porcius
838 3142 1028 3206 legitur
1050 3144 1102 3191 iu
1124 3142 1492 3207 Kreyssisse-T
1525 3144 1588 3195 L.
1618 3144 1862 3192 Cornelius
1879 3142 1998 3193 edd.
2023 3149 2142 3193 ante
2160 3143 2438 3208 sigone—8
2469 3144 2554 3195 At.

1355 3283 1569 3333 NOTAE
2181 3322 2192 3333 ,

428 3390 453 3416 ⁴²
484 3382 562 3431 De
584 3380 821 3447 ¹fim'emiis
857 3386 1177 3434 matronarum
1217 3379 1419 3430 cultibus
1498 3378 1624 3429 nihil
1661 3378 1920 3443 probibet,
1945 3380 2079 3431 etde
2103 3380 2402 3443 sirinnan
2430 3392 2555 3428 cun·

365 3454 449 3521 [ds
485 3457 781 3519 stringendi!
825 3457 1027 3507 cultibus
1073 3454 1419 3519 matronarum]

365 3530 543 3594 Sigon.
574 3546 641 3581 ex
672 3533 837 3583 veteri
870 3532 1001 3582 libro
1035 3538 1331 3581 correxerat
1362 3532 1421 3581 de

351 3606 617 3671 fingendis,
631 3621 783 3672 quam
800 3609 1107 3671 scripturam
1127 3606 1419 3657 Gronovius

365 3680 709 3745 adjuvandam
749 3684 823 3733 sit
867 3698 968 3734 uns
1009 3686 1181 3743 litera,
1220 3690 1420 3732 mutato

368 3756 567 3807 scilicet
592 3772 631 3819 g
650 3756 702 3806 in
722 3758 762 3821 i,
786 3764 843 3808 nt
865 3760 935 3807 sit
958 3761 1017 3809 de
1032 3759 1287 3823 finiendis.
1354 3758 1423 3806 Et

364 3844 491 3880 saue
522 3830 670 3880 finire
710 3832 906 3881 cultum
947 3842 1293 3883 matronarum
1337 3840 1421 3881 est

366 3906 573 3958 modum
597 3906 854 3970 finemque
878 3909 1039 3959 cultui
1064 3917 1117 3957 et
1148 3908 1289 3957 luxui
1314 3914 1420 3955 sta-

367 3990 549 4044 tuet-23
588 3997 687 4047 qua
720 3984 921 4033 ratione
954 3986 1106 4047 paulo
1140 3990 1259 4046 post
1292 3982 1421 4031 dici·

367 4066 472 4115 tur.
509 4062 525 4089 ⁸
548 4059 593 4108 si
630 4058 732 4108 ista
766 4060 851 4109 lex
892 4059 1009 4109 ideo
1042 4062 1145 4109 lata
1178 4067 1338 4119 esset,
1362 4064 1423 4107 ut

366 4136 541 4186 finiret
554 4134 823 4186 libidinem
840 4138 1142 4186 muliebrem
1156 4135 1187 4183 ε’
1206 4144 1259 4185 et
1268 4135 1423 4199 finire

366 4228 463 4278 pro
487 4214 665 4264 eodem
688 4214 826 4262 valet
852 4228 913 4263 sc
934 4212 1149 4263 definire
1172 4226 1261 4259 seu
1288 4225 1419 4273 pra*-

1500 3456 1618 3505 dem
1658 3454 1819 3505 efficit
1859 3470 2064 3507 sensnm
2109 3470 2172 3505 ac
2209 3456 2268 3505 de
2287 3452 2555 3519 finiendis.-

1500 3534 1716 3595 simplex
1741 3532 1874 3581 enim
1907 3532 2120 3583 verbum
2153 3532 2391 3593 stringere
2421 3531 2554 3581 sumi

1502 3616 1670 3671 potest
1703 3622 1794 3669 pro
1818 3608 2106 3672 composito
2131 3608 2440 3670 astringere,
2466 3610 2556 3655 ant

1500 3684 1878 3745 constringere,
1896 3697 1986 3732 sen
2011 3682 2148 3747 quod
2171 3682 2305 3731 idem
2327 3688 2425 3739 est,
2443 3694 2556 3729 arc·

1502 3766 1637 3819 tare,
1668 3759 2044 3821 comprimere:
2077 3758 2152 3807 its
2184 3764 2328 3807 recte
2362 3754 2556 3807 dicitur

1500 3832 1635 3882 infra
1658 3850 1772 3897 cap.
1790 3838 1836 3883 ³.
1869 3838 1884 3863 ⁸
1905 3834 2090 3899 quibus
2114 3831 2378 3883 omnibus'
2397 3832 2558 3897 (juri-

1500 3908 1627 3971 bus)
1663 3913 1680 3938 ⁸
1705 3908 2015 3959 constrictas
2055 3908 2142 3958 vix
2181 3916 2352 3958 tamen
2389 3908 2554 3959 conti·

1503 3998 1628 4032 nere
1653 3986 1870 4047 potestis
1884 3984 1918 4034 ε’
1949 3990 2006 4035 et
2035 3983 2125 4034 lib.
2149 3996 2326 4035 xxxv.
2363 3996 2480 4047 esp.
2503 3988 2554 4034 7.

1504 4061 1521 4087 ⁸
1543 4060 1752 4109 mulctis
1774 4057 2097 4113 foenebribns
2130 4059 2414 4109 constricta
2437 4072 2555 4109 avs-

1502 4133 1658 4183 ritis-³

1564 4208 1590 4243 ‘¹
1628 4210 1837 4258 Colonia
1855 4212 2086 4277 pleraque
2115 4207 2350 4274 adacta]
2381 4209 2556 4275 Vulgo

366 4286 534 4340 finire.
578 4286 681 4339 Sed
707 4289 963 4354 vulgatam
986 4290 1261 4340 lectionem
1279 4294 1419 4337 stare
1496 4285 1693 4335 colonia·
1715 4287 1887 4353 plures.
