3159 4959
531 346 706 418 bfflo

1505 370 1572 416 'l'-
1620 368 1809 417 mvn

861 518 1058 589 partes
1095 512 1238 569 istas
1273 508 1540 579 mallent,
1565 510 1903 569 timebatur.
1988 508 2149 585 Ergo
2182 526 2371 585 neque
2396 506 2755 587 intempesti-

859 625 1002 663 vum
1027 604 1376 665 credebatur
1411 604 1679 683 alloquio
1702 603 1933 663 firmare
1968 604 2233 672 animos3
2278 602 2611 680 effectoque
2644 604 2753 661 tri·

859 700 1088 770 bunali,
1109 700 1211 758 ubi
1237 699 1358 758 duo
1385 702 1765 779 imperatores
1792 719 1930 757 oum
1962 698 2103 757 solis
2128 698 2495 756 senatoribus
2522 699 2754 757 assiste-

859 805 1014 865 rent,
1039 803 1257 855 vocata
1279 804 1370 853 est
1385 794 1591 853 concio
1617 814 1632 853 ε
1672 812 2119 874 progressusque
2146 812 2181 851 e
2206 792 2403 851 medio
2426 802 2751 853 ceterorum

862 888 940 947 C.
969 888 1234 960 Cassius,
1257 892 1429 967 cujus
1455 889 1621 948 aetati
1650 889 1873 949 Brutus
1896 886 2281 957 concedebat,
2304 888 2363 945 in
2392 887 2547 945 hanc
2571 887 2751 945 ferme

817 1026 824 1031 ·
859 986 1208 1045 sententiam
1230 986 1416 1044 verba
1439 984 1623 1045 fecit:

857 1127 862 1133 .
941 1086 1042 1139 12.
1085 1088 1102 1114 ‘
1127 1078 1306 1139 Nihil
1331 1078 1587 1159 amplius
1614 1099 1651 1137 a
1680 1078 1813 1139 Diis
1848 1078 2270 1139 immortalibus
2292 1086 2493 1156 petere
2520 1085 2751 1155 potera·

851 1194 1010 1244 mus,
1033 1194 1212 1253 quam
1237 1174 1396 1253 quod
1411 1174 1647 1233 abunde
1670 1175 1841 1237 nobis
1858 1174 2269 1253 praestiterunt,
2290 1171 2747 1231 commilitones:

851 1267 1038 1329 fidem
1065 1270 1214 1330 inter
1246 1289 1376 1338 nos,
1402 1278 1464 1327 et
1496 1270 1737 1349 optimae
1762 1271 1887 1348 spei
1918 1268 2407 1330 communionem.
2490 1266 2657 1329 Nam
2686 1277 2752 1325 ut

859 1362 1158 1423 confidere
1185 1364 1436 1423 invicem
1453 1376 1456 1379 ’
1473 1364 1821 1435 debeamus,
1840 1365 2095 1423 societas
2120 1362 2513 1441 periculorum
2552 1364 2747 1439 cogit3

860 1466 930 1517 ut
952 1458 1222 1527 velimus,
1247 1458 1520 1517 exsoluta
1543 1458 1857 1535 diligenter
1888 1458 2169 1537 promissa
2184 1455 2479 1517 efficient:
2512 1456 2750 1534 quando

860 1573 966 1611 vos
1009 1574 1270 1633 operam,
1297 1573 1476 1632 quam
1515 1553 1693 1612 eratis
1727 1550 2017 1631 polliciti,
2042 1572 2148 1613 nos
2190 1554 2433 1630 praemia
2477 1553 2749 1631 prestiti-

859 1668 1005 1707 mus.
1089 1648 1248 1714 Qum
1282 1648 1430 1707 fides
1455 1658 1518 1707 et
1557 1650 1615 1706 in
1658 1656 1953 1727 posterum
1984 1648 2143 1707 omni
2184 1666 2291 1706 nos
2318 1667 2461 1707 cura
2496 1648 2749 1707 invicem

855 1746 1151 1806 liberabit.
1235 1745 1390 1825 Spes
1411 1754 1611 1805 autem
1632 1755 2013 1822 utrorumque
2038 1744 2269 1805 felicem
2298 1744 2441 1803 belli
2474 1754 2749 1803 eventum

853 1840 968 1901 sibi
991 1850 1116 1901 tam
1139 1862 1220 1901 ex
1253 1842 1469 1901 virtute
1503 1842 1778 1911 militum,
1804 1860 1984 1919 quam
2008 1840 2225 1899 ducum
2244 1840 2549 1901 vindicat:
2602 1860 2753 1917 quos

856 1935 1008 1995 tales
1051 1946 1114 1995 et
1151 1946 1348 1995 tantos
1385 1936 1560 2007 viros,
1597 1935 1873 1995 senatorii
1912 1954 2117 1995 omnes
2154 1934 2395 2005 ordinis,
2434 1954 2659 1993 mecum
2686 1936 2749 1997 in

855 2030 968 2089 hoc
991 2041 1266 2108 suggestu
1305 2040 1548 2101 stantes,
1565 2030 1899 2109 eademque
1941 2030 2111 2091 vobis
2146 2030 2345 2089 omnia
2381 2030 2527 2089 meis
2555 2031 2749 2090 verbis

855 2134 1175 2185 asserentes
1213 2126 1446 2185 videtis.

935 2227 1037 2279 13.
1081 2230 1098 2256 ‘
1129 2220 1227 2280 De
1283 2232 1570 2301 apparatu
1623 2240 1763 2281 vero
1813 2222 1975 2299 loqui
2026 2240 2527 2299 supervacaneum
2582 2232 2745 2301 puto.

856 2316 1014 2382 Quis
1035 2318 1204 2375 enim
1231 2326 1486 2376 vestrum
1509 2326 1601 2377 est
1618 2319 1871 2386 nescius,
1896 2316 2197 2385 frumenti,
2224 2336 2539 2389 armorum,
2568 2338 2747 2396 pecu—

809 2456 812 2461 .
853 2412 968 2469 niae
1007 2419 1234 2488 quanta
1259 2419 1471 2487 parata
1491 2412 1572 2469 sit
1592 2412 1793 2488 copia,
1816 2419 2040 2489 quantu
2073 2429 2215 2469 vero
2240 2412 2495 2480 navium,
2524 2423 2749 2489 quanta

853 2501 1208 2567 auxiliorum
1253 2522 1330 2561 ex
1385 2512 1478 2562 tot
1521 2505 1858 2563 nationibus
1900 2513 2079 2581 atque
2100 2505 2357 2581 regn‘oe?
2440 2505 2747 2583 Ecquibus

851 2599 1008 2659 enim
1033 2598 1227 2657 verbis
1259 2599 1512 2657 excitari
1551 2607 1825 2677 poterunt
1860 2599 2065 2667 animi,
2092 2618 2241 2676 quos
2278 2619 2469 2678 neque
2494 2620 2745 2679 appara—

841 2702 1260 2771 =tuum,.neque
1297 2695 1422 2773 spei
1455 2696 1778 2755 communis
1816 2693 2155 2772 magnitudo
2190 2693 2645 2756 inflammaverit
2666 2698 2745 2757 ad

851 2788 1218 2849 alacritatem
1285 2799 1348 2849 et
1409 2790 1741 2850 concordiae
1790 2789 2096 2849 studium?
2199 2790 2437 2854 Quibus
2474 2793 2651 2851 rebus
2694 2794 2745 2851 si

851 2883 1120 2945 Deorum
1153 2888 1469 2946 accesserit
1503 2885 1695 2956 favor,
1722 2906 1869 2965 quos
1894 2886 2169 2964 equidem
2198 2887 2371 2947 bonae
2396 2906 2593 2947 causae
2620 2908 2744 2949 me-

847 2980 962 3039 rito
1005 2980 1210 3040 adesse
1253 2980 1563 3051 credimus,
1612 2981 1758 3059 quid
1796 2992 1887 3041 est
1924 2980 2083 3059 quod
2124 2982 2317 3039 timeri
2363 3001 2402 3040 a
2442 3002 2741 3061 quoquam

845 3072 1106 3135 debeat?
1189 3074 1358 3135 Nam
1385 3077 1464 3135 ab
1489 3077 1757 3135 hostibus
1782 3077 2023 3152 objecta
2046 3075 2341 3153 quomodo
2366 3096 2429 3135 se
2450 3077 2737 3148 habeant,

847 3169 1093 3228 novistis
1117 3171 1266 3249 ἱροῖς
1310 3190 1498 3249 eoque
1540 3171 1915 3251 promtiorem
1954 3170 2125 3229 nobis
2156 3169 2453 3229 obtulistis
2474 3191 2736 3250 operam,

841 3265 1239 3342 navustisque.
1325 3265 1448 3325 Sed
1483 3275 1677 3325 tamen
1712 3264 1923 3325 referre
1948 3265 2205 3334 videtur,
2232 3285 2389 3325 nunc
2414 3267 2594 3325 etiam
2633 3288 2737 3327 vo-

830 3357 934 3417 .bis
971 3356 1285 3435 explicari,
1315 3379 1492 3437 quam
1519 3359 1802 3421 adversus
1836 3361 2271 3436 injustasrma,
2309 3370 2371 3418 et
2398 3361 2599 3439 iniqua
2624 3364 2735 3420 ini-

839 3452 1120 3511 micorum
1147 3452 1288 3511 odia
1311 3452 1673 3513 dimicemus.

919 3555 1019 3606 14.
1063 3557 1080 3583 ‘
1107 3548 1401 3608 Caesarem
1426 3571 1465 3609 a
1503 3551 1673 3610 nobis
1697 3553 1957 3611 occisum
1996 3553 2199 3611 aiunt:
2260 3572 2451 3631 neque
2492 3553 2735 3629 negabi-

835 3660 966 3701 mus
1003 3642 1249 3713 factum,
1287 3664 1406 3721 quo
1435 3647 1574 3723 jure
1622 3648 1831 3705 merito
1878 3656 1941 3705 ct
1979 3666 2300 3725 pomumus,
2344 3657 2407 3706 et
2450 3648 2734 3707 debemus

835 3734 1092 3812 gloriari.
1177 3737 1246 3797 N
1249 3758 1318 3798 ec
1356 3742 1513 3799 enim
1553 3741 1886 3801 simultates
1918 3762 2053 3803 cum
2098 3762 2171 3803 co
2212 3744 2510 3819 gessimus,
2538 3762 2731 3822 neque

833 3832 1004 3891 nobis
1027 3836 1157 3911 ejus
1192 3835 1316 3895 vita
1353 3838 1627 3909 nocebat,
1650 3839 1754 3916 qui
1792 3838 2019 3898 militiae
2058 3838 2339 3917 domique
2381 3840 2727 3902 honoratum

834 3926 989 4004 apud
1015 3949 1178 3988 eum
1230 3930 1444 3991 locum.
1479 3936 1789 3993 tenuimus·
1878 3932 1999 3993 Sed
2048 3932 2150 3992 ille
2200 3936 2396 4010 gravis
2448 3934 2731 4007 libertati,

832 4023 1023 4098 gravis
1062 4026 1403 4105 reipublicae
1443 4020 1799 4099 incubabat3
1845 4050 1949 4115 per
1983 4048 2160 4108 quem
2200 4030 2421 4088 factum
2468 4041 2617 4102 erat,
2664 4040 2730 4089 ut

795 4138 804 4145 ·
820 4120 954 4195 jam
1011 4118 1167 4195 leges
1219 4144 1425 4183 omnes
1475 4128 1987 4196 conculcarentur,
2035 4146 2228 4205 neque
2282 4128 2513 4186 senatui
2560 4128 2728 4205 quic-
