3159 4959
562 3674 697 3725 Plut.

561 3740 748 3787 Antou.
772 3740 837 3787 flu

564 3880 637 3915 xv.
660 3870 741 3916 ⁴0.

564 4040 694 4090 Pint.

567 4136 686 4187 Dio.

1538 446 1611 493 Τ.
1661 444 1848 491 [alvu

902 598 1031 649 erat
1068 588 1317 658 factum,
1366 586 1652 647 Candaee
1705 586 2024 665 desperans
2076 586 2256 643 armis
2309 584 2539 662 legatos
2587 586 2798 647 iterum

904 685 1085 754 misit,
1126 686 1231 762 qui
1270 681 1567 743 Caesarem
1611 680 1778 741 adire
1819 681 1995 759 jussi,
2043 698 2152 740 uec
2197 681 2332 758 quis
2371 689 2532 739 esset
2571 678 2802 749 Cesar,

902 798 1027 838 uec
1052 778 1153 838 ubi
1188 788 1342 837 esset
1378 779 1527 837 scire
1566 798 1652 847 se,
1693 775 2140 855 responderunt.
2223 774 2462 835 Idcirco
2495 774 2652 834 datis
2686 776 2799 835 du·-

900 874 1073 933 cibus
1108 872 1189 933 ad
1228 873 1569 951 Augustum
1623 871 1890 940 deducti,
1941 869 2179 929 facilem
2217 869 2296 928 ad
2353 869 2648 929 desideria
2693 890 2802 928 sua

900 980 1273 1050 repererunt3
1312 970 1480 1047 isque
1514 968 1800 1027 tributum
1823 967 2029 1036 etiam,
2061 966 2224 1045 quod
2257 975 2386 1025 erat
2426 967 2800 1046 imperatum,

902 1064 1145 1125 remisit.

980 1167 1081 1220 18.
1126 1158 1201 1219 Iu
1228 1156 1412 1218 Samo
1436 1168 1563 1218 tum
1582 1159 1960 1238 hyberuabat
1977 1157 2207 1225 Caesar,
2233 1156 2312 1215 ad
2329 1157 2798 1235 obeundamoim-

900 1256 1047 1335 perii
1072 1265 1298 1335 partem
1339 1254 1509 1314 Urbe
1540 1254 1859 1334 profectus.
1945 1252 2069 1313 Ilia
2093 1252 2556 1332 peregrinatione
2583 1254 2802 1333 patuit,

900 1370 1081 1429 quam
1106 1350 1439 1410 necessaria
1466 1348 1760 1409 Romanis
1781 1358 2044 1429 potestas
2069 1350 2242 1408 unius
2263 1358 2442 1418 esset,
2467 1347 2798 1408 libertatem

900 1446 1055 1505 ultra
1075 1446 1233 1505 ferre
1262 1447 1674 1517 nescientibus.
1757 1444 1887 1505 Vix
1917 1447 1976 1504 in
2003 1444 2272 1505 Siciliam
2297 1444 2504 1505 Caesar
2527 1444 2802 1503 transmi-

896 1552 1077 1613 serat,
1100 1562 1239 1603 cum
1276 1541 1491 1602 Romae
1516 1542 1921 1603 consularibus
1945 1542 2204 1602 comitiis
2227 1551 2394 1601 tanto
2421 1543 2646 1601 ambitu
2673 1560 2802 1601 cer-

894 1648 1089 1699 tatum
1126 1648 1239 1710 est,
1266 1648 1335 1699 ut
1368 1658 1577 1719 parum
1611 1659 1654 1698 a
1691 1639 1948 1697 tumultu
1983 1658 2076 1697 res
2111 1638 2360 1697 abemet.
2443 1637 2537 1696 M.
2575 1636 2802 1696 Lollius

882 1736 1017 1813 jam
1040 1736 1275 1805 inierat,
1302 1736 1656 1813 gerebatque
1691 1735 1852 1795 solus
1869 1735 1922 1792 τ’.
1963 1734 2124 1813 quod
2151 1734 2430 1811 Augusto
2455 1735 2672 1793 servari
2707 1732 2796 1791 lo-

892 1848 1027 1891 cum
1078 1830 1333 1912 populus
1374 1828 1661 1889 voluerat.
1770 1829 2104 1908 Postquam
2145 1830 2225 1888 ab
2269 1828 2377 1889 illo
2423 1847 2538 1887 uon
2583 1830 2798 1907 suscipi

892 1925 1263 1987 consulatum
1298 1925 1573 1994 innotuit,
1613 1924 1810 1985 studia
1843 1924 2294 1985 candidatorum
2331 1925 2492 1983 miris
2527 1926 2798 1984 certami-

894 2022 1071 2081 nibus
1118 2041 1404 2082 exarsere.
1514 2020 1599 2087 Q.
1645 2021 1925 2100 Lepidus,
1975 2020 2044 2079 L.
2091 2018 2334 2080 Silanus
2375 2021 2678 2098 petebant,
2723 2040 2800 2081 ea

894 2114 1299 2195 magnitudine
1332 2125 1395 2174 et
1418 2116 1792 2176 vehementia
1823 2115 2174 2185 factionum,
2201 2126 2272 2191 ut
2295 2115 2474 2174 acciri
2501 2114 2796 2176 Cursarem

896 2212 1345 2290 prudentissimo
1369 2212 1583 2290 cuique
1608 2209 1886 2289 placeret.
1971 2209 2089 2269 Ille
2115 2212 2528 2289 competitores
2553 2230 2798 2271 evocate
2923 2233 2937 2241 ·

894 2308 955 2365 in
998 2306 1267 2365 Siciliam
1306 2306 1553 2365 maluit:
1593 2308 2034 2385 castigatosque
2072 2306 2291 2376 verbiS,
2315 2316 2380 2366 et
2403 2308 2628 2377 abeoee,
2653 2306 2796 2367 dum

893 2404 1136 2462 comitia
1183 2412 1620 2481 peragerentur,
1657 2404 1899 2480 jubens,
1945 2402 2186 2463 dimisit.
2281 2401 2388 2462 Ne
2431 2404 2517 2465 sic
2553 2404 2796 2482 quidem

895 2499 1037 2559 satis
1072 2499 1292 2578 quietae
1334 2520 1427 2557 res
1458 2498 1661 2559 suere:
1707 2508 1954 2579 postque
1989 2497 2205 2557 multas
2239 2500 2442 2558 turbas
2471 2500 2576 2558 vix
2612 2502 2800 2559 creari

894 2593 1099 2652 consul
1130 2595 1214 2659 Q.
1246 2594 1505 2674 Lepidus
1528 2596 1740 2675 potuit.
2299 2648 2304 2657 .

974 2698 1073 2749 19.
1118 2690 1283 2768 Ergo
1311 2690 1539 2761 Caesar,
1568 2712 1678 2751 uec
1705 2712 1980 2771 passurus
2005 2692 2174 2761 talia,
2207 2712 2318 2753 uec
2341 2692 2452 2751 soli
2483 2702 2796 2753 vacaturus

894 2774 1134 2854 Roma,
1160 2805 1297 2843 cum
1339 2786 1397 2844 in
1440 2796 1561 2845 tam
1603 2786 1816 2845 diffuso
1853 2788 2098 2867 imperio
2137 2806 2296 2867 saepe
2331 2788 2622 2847 adeundae
2657 2809 2794 2868 pro.-

889 2878 1101 2938 viuciae
1136 2888 1355 2950 esseut,
1382 2900 1517 2939 cum
1548 2881 1888 2940 Moecsnste
1915 2882 2304 2949 deliber-svm
2355 2892 2372 2917 ‘
2405 2894 2672 2943 utrumne
2699 2884 2792 2943 M.

890 2973 1251 3055 Agrippam,
1298 2994 1418 3055 quo
1460 2977 1694 3057 plus.ei
1741 2977 1822 3037 sd
1869 2987 2099 3039 tautum
2145 2978 2462 3057 regendum
2509 2980 2792 3059 populum

890 3070 1256 3129 auctoritatis
1291 3079 1463 3141 esset,
1502 3069 1650 3131 data
1690 3073 1748 3131 in
1791 3075 2224 3133 matrimonium
2259 3073 2411 3143 filia,
2453 3073 2606 3133 Urbi
2644 3095 2791 3154 prae-

888 3162 1162 3225 ficeret?’
1260 3166 1403 3233 Quo
1444 3176 1707 3248 tempore
1743 3190 2082 3249 responsum
2119 3190 2156 3229 a
2195 3169 2526 3229 Maecenate
2567 3168 2792 3229 Caesari

888 3260 1118 3322 serunt:
1164 3262 1469 3323 ‘Tantum
1494 3266 1628 3342 jam
1655 3265 1992 3345 Agrippam
2016 3264 2236 3333 fecisti,
2263 3274 2330 3324 ut
2353 3275 2462 3325 aut
2485 3286 2662 3343 gener
2681 3268 2792 3325 ha·

888 3356 1117 3423 bendus
1150 3359 1249 3426 sit,
1278 3368 1383 3417 aut
1418 3358 1802 3419 occidendus.
1807 3360 1824 3387 '
1909 3356 1987 3418 Id
2013 3360 2324 3419 consilium
2350 3380 2486 3420 cum
2513 3360 2791 3432 dedisset,

888 3453 1118 3511 excivit
1156 3453 1491 3532 Agrippam
1527 3456 1610 3513 ab
1645 3455 1804 3515 Asia
1829 3456 2057 3525 Caesar,
2085 3456 2360 3535 misitque
2385 3455 2671 3527 Romam,
2699 3458 2792 3517 di-

885 3547 1067 3605 missa
1109 3547 1424 3617 Marcella,
1452 3548 1680 3609 Juliam
1721 3552 1991 3611 ducere
1963 3570 2216 3628 jussum,
2249 3552 2548 3631 Urbisque
2587 3572 2788 3613 curam

886 3659 1213 3720 capessere.
1296 3642 1519 3703 Habeo
1556 3654 1824 3705 auctores
1853 3646 2164 3708 Marcella!
2195 3658 2442 3707 matrem
2471 3647 2788 3707 Octaviam

593 3796 710 3851 Tm·
733 3774 866 3852 Am:
888 3736 947 3797 id
988 3738 1293 3799 consilium
1328 3738 1561 3799 dedisse
1600 3740 1849 3813 Caesari,
1883 3762 2017 3803 cum
2054 3741 2280 3804 videret
2315 3745 2492 3803 anxie
2525 3744 2790 3821 cogitan-

884 3842 1027 3903 tem,
1054 3842 1365 3912 quemnam
1392 3837 1716 3895 amicorum
1738 3846 1910 3896 tauta
1933 3837 2268 3897 conditione
2289 3838 2608 3897 attolleret.
2662 3838 2786 3897 Ea-

883 3926 1019 3987 dem
1063 3928 1251 3989 filiam
1297 3932 1377 3989 ab
1423 3930 1707 4011 Agrippa
1747 3932 2044 3993 dimissam
2085 3932 2230 3992 Julo
2269 3935 2538 3993 Antonio
2583 3934 2673 3993 Μ.
2711 3933 2784 3993 F.

883 4024 1217 4085 collocavit.
1322 4026 1602 4085 Ceterum
1655 4029 1895 4087 minime
1939 4028 2158 4089 fefellit
2203 4028 2502 4089 Caesarem
2546 4030 2782 4108 opinio:

886 4128 1076 4179 motus
1122 4121 1371 4179 urbanos
1420 4120 1698 4201 Agrippa
1749 4133 1973 4184 mature
2019 4124 2387 4204 composuit:
2443 4124 2780 4204 praefoetum

1456 4314 1485 4343 ·
1510 4314 1574 4363 Α.
1595 4314 1660 4366 U·
1683 4317 1744 4367 C.
1765 4320 1880 4367 ⁷³1.
1947 4318 2013 4367 A.
2039 4319 2101 4368 C.
2123 4322 2204 4369 21.
