3159 4959
920 420 991 470 u
1002 422 1125 471 nm
1174 420 1509 471 CXXXIV.
1554 421 1646 472 SU
1658 422 1906 471 vrum
1919 424 2204 473 EN'ruu.

449 564 561 625 tibi
602 564 807 632 dabit:
828 568 853 595 ⁸
890 564 995 642 qui
1031 565 1118 623 rei
1152 564 1509 643 pecuniariae
1544 564 1608 623 in
1649 563 1821 625 Urbe
1861 574 1925 625 et
1959 584 2064 647 per
2101 565 2345 629 Italiam

450 662 707 741 praesint.
794 658 915 719 His
939 659 1117 719 etiam
1142 679 1465 738 congruum
1499 660 1786 720 functioni
1809 661 2098 740 cujusque
2125 663 2346 743 stipen-

448 757 611 817 dium
640 756 927 815 numerari
952 757 1285 817 conveniet.
1368 756 1525 815 Cum
1564 758 1722 816 enim
1745 758 1936 817 minor
1959 758 2041 817 sit
2063 758 2154 817 his
2177 779 2348 819 sena·

450 852 603 911 torio
636 870 867 921 cenem,
894 872 967 911 ne
994 853 1054 911 in
1086 852 1254 912 Urbe
1281 851 1520 931 quidem
1553 853 1809 931 publicae
1847 853 2026 913 alicui
2063 853 2348 915 functioni

450 966 663 1007 vacare
691 947 1083 1009 familiaribus
1106 949 1383 1028 impensis
1401 958 1694 1028 poterunt.
1779 947 2002 1027 Neque
2020 950 2130 1009 hos
2155 950 2348 1011 facere

446 1054 673 1103 sumtus
696 1052 757 1104 te
798 1046 1019 1124 pigeat.
1102 1044 1283 1104 Alias
1318 1045 1475 1103 enim
1502 1044 1723 1103 eisdem
1749 1054 1812 1104 et
1837 1047 2132 1105 exercitus
2155 1055 2217 1106 et
2243 1067 2347 1127 pe,

448 1136 653 1199 crinitis
671 1142 961 1200 committi
984 1160 1134 1219 opus
1158 1149 1333 1209 esset,
1361 1160 1487 1199 rem
1513 1160 1626 1199 nec
1651 1139 1888 1199 facilem
1921 1140 2108 1211 factu,
2135 1161 2245 1201 nec
2271 1162 2348 1201 ex

448 1235 707 1295 utilitate
752 1245 858 1295 tua
900 1235 1195 1305 futuram3
1240 1244 1303 1295 et
1342 1237 1650 1316 pauciores
1686 1237 1932 1297 haberes
1979 1238 2346 1321 negotiorum

451 1331 685 1409 peritos.
768 1330 977 1401 Nunc,
1002 1332 1106 1389 ubi
1134 1332 1405 1391 inciderit
1438 1352 1596 1401 unua,
1633 1352 1709 1391 ex
1739 1331 2016 1392 affluente
2041 1333 2218 1413 copia
2241 1332 2345 1391 de-

448 1426 633 1505 ligere
656 1427 843 1505 magis
864 1426 1105 1487 idoneos
1122 1427 1345 1487 licebit.
1416 1427 1704 1497 Accedit,
1729 1427 1891 1507 quod
1919 1428 2052 1488 inde
2077 1428 2345 1508 pluribus

450 1523 562 1582 eris
582 1524 795 1592 carior,
823 1532 1107 1602 tanquam
1142 1523 1333 1583 multa
1366 1533 1756 1595 commentus,
1793 1545 1897 1604 per
1929 1544 2064 1603 quae
2104 1523 2348 1603 publica

444 1616 749 1699 opulentia
766 1619 827 1678 in
856 1621 1139 1699 majorem
1165 1629 1391 1699 partem
1408 1620 1628 1679 civium
1653 1621 2016 1680 uberioribus
2037 1620 2177 1681 rivis
2209 1640 2344 1701 pro-

448 1712 613 1776 fluat.
696 1714 999 1785 Ceterum,
1026 1717 1183 1777 sicut
1202 1714 1421 1775 Romae
1446 1737 1555 1776 nec
1581 1717 1848 1775 serarium
1875 1736 1988 1777 nec
2012 1716 2190 1777 fiscus
2215 1717 2346 1800 plu-7

450 1830 541 1869 res
558 1811 803 1889 singulis
828 1811 1139 1891 praefectos
1162 1812 1563 1879 desiderabit;
1593 1813 1678 1872 sic
1705 1813 1884 1872 etiam
1906 1812 1966 1871 in
1993 1832 2347 1891 unaquaque

450 1907 753 1985 provincia
788 1926 937 1966 unus
972 1927 1049 1966 ex
1082 1908 1338 1986 equestri
1376 1906 1577 1967 ordine
1603 1906 1751 1967 fiat:
1795 1907 1902 1967 sed
1928 1917 1994 1966 ut
2016 1907 2108 1965 his
2133 1907 2347 1968 deinde

451 2003 849 2082 adjungantur
886 2024 965 2063 ex
1011 2003 1307 2081 equitibus
1346 2024 1419 2063 ac
1453 2002 1682 2063 libertis
1718 2003 1854 2072 tuis,
1883 2011 2030 2081 quot
2051 2022 2202 2083 opus
2225 2024 2348 2063 esse

449 2100 903 2159 existimabitur.
987 2097 1155 2159 Nam
1182 2108 1245 2158 et
1270 2100 1511 2159 libertos
1536 2100 1629 2159 his
1650 2098 2054 2159 functionibus
2081 2098 2348 2160 adhiberi

449 2194 713 2274 proderit
728 2216 747 2254 ε
789 2216 909 2275 quo
931 2204 997 2255 et
1029 2193 1169 2253 fidei
1201 2214 1323 2253 ωε
1356 2214 1672 2275 operaeque
1712 2195 2018 2274 praemium
2054 2194 2346 2266 auferant,

450 2300 513 2350 et
548 2290 771 2349 habeas
798 2312 878 2349 ex
913 2291 1127 2369 quibus
1158 2290 1257 2350 vel
1280 2290 1505 2359 invitis,
1540 2290 1592 2349 si
1628 2289 1771 2369 quid
1809 2298 2120 2369 peccatum
2145 2289 2345 2360 fuerit,

451 2385 635 2445 liceat
680 2387 793 2445 tibi
838 2406 1211 2465 cognoscere.
1294 2386 1424 2451 Qui
1470 2394 1670 2445 autem
1716 2386 1982 2464 equitum
2019 2406 2126 2464 per
2165 2384 2352 2447 multa

452 2482 775 2541 ministeria
814 2482 1049 2563 publice
1087 2483 1296 2560 dignos
1332 2503 1397 2543 se
1438 2482 1602 2542 curia
1643 2480 1966 2561 probarint,
1993 2483 2053 2540 in
2081 2490 2349 2543 senatum

452 2576 740 2655 legantur.
830 2578 1033 2637 Etiam
1072 2598 1149 2637 ex
1187 2579 1300 2648 his,
1326 2579 1429 2657 qui
1454 2577 1690 2637 ordines
1715 2576 1993 2636 duxerint
2015 2578 2074 2635 in
2103 2576 2350 2653 legioni·

452 2674 585 2743 bus,
630 2675 681 2733 si
726 2682 1079 2744 mereantur,
1123 2674 1183 2733 in
1222 2673 1648 2754 amplissimum
1681 2672 1948 2732 ordinem
1981 2673 2167 2752 recipi
2201 2673 2350 2733 utile

451 2768 668 2830 fuerit:
710 2769 888 2830 modo
909 2789 983 2829 ne
1008 2770 1159 2829 inter
1186 2768 1579 2849 manipulares
1605 2767 1896 2848 stipendia
1921 2767 2185 2828 fecerint.
2271 2767 2350 2827 Id

451 2867 607 2927 enim
652 2868 995 2947 probrosum
1029 2886 1255 2926 summo
1288 2866 1515 2945 imperii
1553 2864 1801 2925 consilio
1839 2864 2154 2923 videbitur.
2226 2862 2349 2925 Sed

452 2965 557 3043 qui
582 2965 767 3043 primo
802 2964 1005 3021 statim
1032 2962 1325 3041 stipendio
1364 2962 1734 3020 centuriones
1763 2960 1906 3019 sacti
1949 2969 2107 3030 sunt,
2149 2980 2350 3019 eorum

452 3059 989 3139 praestantissimum
1049 3076 1341 3136 quemque
1408 3058 1676 3136 patribus
1735 3056 1906 3113 inseri
1957 3054 2104 3123 nihil
2153 3057 2350 3134 prohi-

456 3156 655 3217 babit„

532 3256 635 3315 47.
680 3260 697 3285 ‘
728 3250 922 3309 Porro
964 3258 1085 3309 tam
1130 3228 1473 3307 senatorum·
1505 3266 1686 3326 quam
1725 3246 1987 3324 equitum
2029 3245 2246 3305 liberos
2289 3248 2350 3306 in

458 3348 715 3429 pueritia
737 3346 1107 3426 frequentare
1128 3344 1331 3403 ludum
1361 3343 1682 3405 literarium
1707 3361 1916 3419 coges:
1959 3341 2096 3401 dein
2121 3340 2351 3401 adolea-

456 3444 711 3505 centiam
754 3462 1015 3520 egressos
1063 3440 1231 3521 equis
1279 3439 1571 3519 armisque
1623 3438 1924 3497 docendos
1965 3438 2230 3497 curabis:
2292 3446 2355 3497 et

458 3550 767 3619 utrumque
790 3558 979 3616 genus
1019 3536 1282 3615 magistri
1320 3535 1563 3615 publico
1597 3532 1888 3614 stipendio
1932 3532 2352 3593 conducentur.

462 3634 575 3697 Sia
594 3654 633 3693 a
655 3634 867 3693 teneris
893 3634 1061 3692 annis
1095 3652 1169 3691 ea
1208 3632 1499 3691 discentes
1538 3650 1610 3689 ac
1653 3638 2022 3698 exercenteS,
2047 3649 2182 3707 quae
2213 3629 2358 3688 viris

459 3740 629 3791 erunt
652 3728 987 3799 tractanda,
1012 3729 1125 3789 tibi
1152 3726 1231 3785 ad
1270 3747 1475 3787 omnes
1504 3746 1642 3785 usus
1679 3727 1936 3805 aptiores
1976 3733 2156 3803 atque
2182 3742 2355 3802 para-

456 3828 635 3889 tiores
658 3834 849 3888 erunt.
934 3824 1225 3901 Magnum
1250 3822 1406 3883 enim
1432 3831 1494 3882 et
1516 3822 1836 3883 salutarem
1875 3818 2104 3879 civitati
2140 3818 2354 3897 princi—

522 3994 547 4020 ·
582 3982 1125 4047 AEmrii...proesectoa
1164 3986 1374 4047 equester
1444 3982 1673 4045 Lipsiurn
1709 3980 1759 4028 in
1785 3992 2001 4027 excursu
2042 3974 2106 4025 ad
2131 3988 2247 4024 eum
2281 3975 2358 4039 ip·

457 4052 573 4101 ordo
608 4052 701 4100 tibi
732 4048 890 4112 dabit]
948 4048 1105 4096 Varie
1142 4048 1373 4097 habitam
1443 4061 1553 4097 sum
1572 4044 1740 4096 Taciti
1763 4046 1950 4092 locum.
2015 4040 2119 4090 Sed
2161 4042 2214 4089 in
2247 4041 2357 4103 illa,

461 4116 559 4166 tub
580 4115 823 4177 Augusto
846 4120 903 4163 et
934 4112 1049 4176 ejus
1070 4113 1377 4163 nuceeesori·
1444 4127 1559 4177 qua·
1572 4107 1870 4170 magnafuit
1881 4107 2150 4163 varietate,
2163 4108 2356 4157 nullum

462 4180 555 4228 bun
577 4180 749 4231 aerarii
773 4192 947 4226 cnr-m
966 4179 1120 4225 docet
1141 4177 1378 4239 Tacitus,
1444 4176 1604 4227 habet
1618 4178 1788 4225 locum
1803 4178 2042 4239 equester
2054 4172 2198 4222 ordo.
2218 4172 2360 4221 Creu.

467 4256 593 4297 nu.
616 4245 753 4295 Aun-
782 4246 869 4293 2⁹.
908 4242 993 4292 cui
1029 4240 1223 4291 addere
1256 4242 1381 4291 licet

2498 410 2671 477 5791
