3159 4959
886 458 1083 505 uem
1136 458 1475 506 cxxxiv.
1520 452 2163 510 surranum-trum.
2455 446 2629 513 5805

412 598 704 668 exhibuit,
746 617 1085 677 quanquam
1128 600 1187 657 in
1230 600 1354 659 alia
1398 602 1523 679 ipse
1566 601 1852 661 sententia
1893 600 2112 661 fuisset.
2197 602 2310 661 Ab

414 696 527 755 hoc
556 697 733 773 igitur
752 706 1015 775 tempore
1041 716 1133 755 res
1160 696 1441 755 Romana
1458 698 1567 755 sub
1597 700 1766 756 unius
1783 698 2108 767 arbitrium,
2137 697 2306 758 firmo
2330 701 2627 754 Oreum-2⁰·

411 801 475 850 et
500 793 559 850 in
586 792 799 850 multas
822 780 957 850 inde
985 801 1193 851 aetates
1236 791 1517 852 duraturo
1554 794 1844 863 instituto,
1874 793 2084 853 rediit:
2129 814 2306 873 quam
2330 800 2445 849 Dio.

408 889 519 946 sub
560 889 929 968 imperatoris
964 888 1259 947 vocabulo
1306 887 1620 966 regendam
1655 890 1768 947 sibi
1813 888 2018 949 Caesar
2061 892 2306 949 censuit.

414 983 564 1044 Erat
599 1004 673 1043 ea
711 993 880 1044 vetus
915 984 1093 1043 etiam
1136 982 1501 1063 appellatio;
1546 984 1652 1043 sed
1683 1004 1867 1064 nuper
1887 986 2172 1045 occultari
2197 987 2308 1045 sub

406 1098 484 1137 ea
506 1078 652 1156 regii
694 1080 923 1160 imperii
958 1078 1167 1138 titulus
1192 1087 1474 1159 coeperat,
1500 1098 1638 1138 cum
1663 1080 1725 1139 id
1767 1100 2099 1159 praenomen
2125 1081 2309 1141 dieta-
2362 1086 2534 1149 Supra,

406 1175 523 1233 tori
548 1175 799 1246 θῆκαι-ἰ,
842 1174 1158 1254 liberisque
1182 1178 1313 1253 ejus
1341 1174 1768 1235 decerneretur.
1855 1174 2076 1255 Neque
2101 1160 2308 1237 omise-
2331 1164 2474 1263 (ἄξι’
2495 1156 2544 1200 ⁷⁰

409 1280 543 1329 runt
569 1280 881 1350 propterea
902 1270 1166 1330 Romani
1192 1290 1331 1331 mox
1371 1270 1686 1349 principes,
1713 1272 1794 1330 ob
1826 1272 2108 1332 victorias
2129 1274 2310 1332 etiam

412 1367 603 1445 prisco
632 1387 788 1426 more
814 1369 1227 1449 imperatorum
1250 1368 1521 1447 accipere
1540 1367 2002 1448 appellationem
2020 1389 2034 1427 :
2051 1380 2078 1415 Ρ
2103 1388 2306 1447 quem-

412 1462 733 1521 admodum
759 1472 821 1522 et
846 1464 939 1523 hic
977 1462 1201 1534 Caesar,
1231 1464 1334 1542 qui
1359 1482 1499 1521 mox
1526 1465 1974 1541 cognominatus
1999 1464 2310 1543 Augustus
2361 1475 2478 1526 Tac.
2496 1475 2630 1525 Anu.

410 1568 523 1629 est,
553 1558 940 1639 Imperatoris
964 1579 1173 1619 nomen
1199 1560 1379 1620 semel
1404 1568 1467 1619 et
1490 1560 1672 1619 vicies
1697 1562 1982 1640 recepisse
2009 1561 2238 1639 leg-itur.
2330 1544 2447 1653 35⁹⁰·-

492 1660 591 1716 75.
620 1654 944 1715 censuram
970 1655 1209 1727 deinde,
1236 1655 1340 1715 sed
1365 1656 1489 1715 sine
1512 1656 1890 1733 magistratus
1913 1656 2156 1727 honore,
2181 1658 2307 1717 col·
2361 1683 2564 1733 sueton.

410 1748 547 1826 lega
572 1748 666 1810 M.
697 1752 967 1832 Agrippa
991 1752 1277 1822 exercuit,
1295 1762 1563 1811 senatum
1589 1772 1666 1810 ex
1681 1752 1934 1812 consilio
1961 1751 2309 1813 Maecenatis
2328 1745 2456 1822 APS-
2483 1753 2566 1798 2⁷·

409 1844 800 1907 ordinaturus.
885 1848 1069 1907 Multi
1092 1850 1245 1907 enim
1271 1849 1519 1927 equites,
1546 1859 1728 1927 atque
1751 1848 1930 1907 etiam
1947 1868 2024 1907 ex
2045 1848 2308 1908 inferiori
2331 1812 2449 1860 D¹⁰'

411 1941 611 2021 plebe,
656 1943 915 2003 civilium
958 1962 1249 2005 armorum
1286 1943 1652 2003 turbulentia
1691 1944 1896 2003 intrusi
1939 1945 1999 2002 in
2040 1954 2305 2005 senatum

412 2048 614 2108 erant3
660 2040 810 2100 adeo
860 2051 929 2100 ut
972 2060 1147 2121 supra
1198 2039 1365 2100 mille
1418 2049 1874 2099 numerarentur.
1959 2040 2312 2119 Complures
2362 2059 2568 2110 sueton.

410 2144 547 2214 post
570 2154 771 2195 necem
801 2136 1078 2208 Caesaris,
1106 2146 1389 2216 tanquam
1432 2154 1508 2195 ex
1549 2135 1983 2194 commentariis
2021 2136 2172 2212 ejus,
2210 2156 2314 2216 per
2336 2122 2630 2236 Assffitulin·

412 2232 663 2306 gratiam
712 2242 815 2291 aut
849 2235 1151 2312 praemium
1198 2231 1501 2292 Antonius
1542 2230 1844 2308 allegerat.
1927 2230 2068 2290 Hos
2105 2242 2310 2291 contu·
2339 2260 2437 2300 ton.
2489 2221 2503 2235 ⁰

408 2325 657 2385 meliosa
698 2328 1097 2409 appellatione
1134 2327 1347 2405 vulgus
1392 2326 1648 2385 Orcinos
1693 2327 1990 2393 vocabat:
2035 2328 2194 2405 quod
2241 2328 2312 2387 iis
2365 2315 2566 2428 {petam

414 2440 623 2481 nomen
648 2422 860 2493 fuerat,
886 2426 989 2505 qui
1016 2424 1379 2483 dominorum
1417 2423 1783 2483 testamentis
1823 2424 2308 2482 manumitteban-
2332 2394 2384 2491 'gt
2399 2396 2494 2492 ¹13?
2497 2394 2632 2493 ἷζ-

412 2530 529 2578 tur.
634 2520 795 2582 Haec
845 2521 1065 2602 depelli
1116 2520 1407 2581 dedecora
1465 2518 1722 2599 publicae
1773 2518 2080 2597 dignitatis
2129 2521 2306 2579 inter·
2329 2522 2473 2572 ¹¹²8ss-

410 2626 575 2675 erat:
640 2626 759 2677 tam
810 2618 1027 2678 multos
1058 2617 1357 2677 offendere
1404 2615 1660 2675 audaces
1700 2615 1984 2685 homines,
2028 2636 2098 2675 ac
2154 2618 2308 2694 inju-
2577 2620 2580 2628 '

414 2712 561 2770 riam
626 2712 1085 2792 haudquaquam
1140 2732 1313 2793 aequo
1364 2713 1561 2771 animo
1613 2710 1856 2780 latinos,
1923 2710 2309 2789 periculosum

412 2808 763 2869 habebatur.
848 2810 1059 2869 Media
1095 2810 1434 2888 excogitata
1464 2808 1618 2869 ratio
1651 2816 1762 2875 est,
1789 2808 2131 2887 monuitque
2173 2808 2310 2868 Gae·
2336 2834 2630 2884 vestam,

416 2922 511 2963 sar
556 2906 874 2977 universos,
936 2917 953 2942 ‘
976 2916 1047 2965 ut
1080 2926 1200 2966 suae
1254 2908 1503 2985 quisque
1550 2904 1902 2963 conditionis
1937 2914 2116 2982 atque
2167 2906 2309 2963 vitae
2365 2899 2464 2946 1³³⁰
2485 2907 2536 2945 εἰ

408 3000 675 3078 judicem
702 3022 901 3080 agens,
922 3003 1023 3061 ubi
1048 3022 1111 3060 se
1131 3003 1245 3061 hoc
1270 3002 1403 3060 loco
1430 3000 1730 3076 indignum
1751 3000 2082 3078 reperisset,
2103 3008 2310 3079 sponte
2333 2962 2531 3011 Sueton.

418 3096 691 3157 abeundo
714 3100 1033 3157 censoriam
1062 3106 1260 3157 notam
1286 3095 1698 3156 lucrifaceret!
1783 3094 1870 3153 Iis
1895 3094 2104 3153 diebus
2127 3096 2314 3155 lorica

406 3194 527 3275 »sub
553 3204 714 3253 veste
742 3203 954 3264 tectus,
998 3196 1413 3273 accinctusque
1448 3193 1702 3271 pugione
1743 3190 2083 3269 praesedisse
2119 3191 2312 3251 credi-

420 3301 535 3361 tur,
562 3291 766 3351 deoem
792 3292 1211 3351 robustissimis
1236 3308 1313 3351 ex
1342 3290 1662 3349 amicorum
1687 3286 1928 3345 cohorte
1953 3288 2315 3347 senatoribus

416 3386 622 3447 sellam
650 3390 780 3467 ejus
813 3388 1365 3449 circumstantibus:
1408 3395 1469 3445 et
1492 3404 1565 3443 ne
1603 3384 1686 3443 sic
1721 3382 1956 3461 quidem
1995 3382 2312 3443 admissum

418 3506 754 3564 quenquam
794 3495 1148 3555 senatorum,
1182 3486 1295 3545 nisi
1326 3481 1569 3552 solum,⁶
1615 3491 1679 3541 et
1715 3500 1964 3541 excussa
2003 3489 2190 3551 veste,
2237 3502 2312 3540 ne

418 3580 631 3640 ferrum
659 3580 1072 3641 occultaretur.

1018 3739 1053 3785 6
1084 3734 1239 3787 samua
1259 3733 1379 3783 edd.
1406 3745 1528 3783 ame
1555 3732 1709 3779 Crev.

1186 3868 1509 3889 mOOOOf‘OO
1516 3866 1542 3885 O

488 3986 513 4018 Ρ
548 3976 891 4039 Imperatorum
927 3976 1133 4040 occipere
1176 3976 1331 4039 appel-
1399 3986 1535 4024 avo.
1559 3984 1724 4021 rou-r.
1751 3982 1892 4019 nAx.
1916 3982 2030 4017 cos.
2057 3981 2313 4022 xivam--

418 4043 675 4106 tationem]
731 4040 837 4090 Sed
900 4040 1180 4089 notandum
1238 4048 1335 4101 eut,
1400 4051 1495 4089 xx·
1536 4048 1830 4086 rniuvurc.
1875 4046 1998 4109 ror.
2060 4046 2314 4084 xxxvxn.

424 4106 559 4169 qumi
585 4107 634 4153 in
660 4106 876 4154 nummis
912 4114 965 4153 et
988 4106 1335 4167 inscriptioni·
1403 4117 1456 4151 r.
1482 4114 1534 4150 Ρ.
1582 4100 1712 4149 Hm·
1737 4111 2099 4159 exscripsimus
2125 4114 2153 4147 e
2191 4108 2312 4148 nota

428 4171 521 4219 bns
558 4172 883 4229 observatur,
916 4169 1239 4232 imperatoris
1280 4169 1339 4217 ti·
1406 4167 1546 4227 Lipn.
1582 4164 1648 4212 ad
1684 4164 1810 4213 Tar.
1850 4162 1985 4211 Anu.
2025 4176 2112 4211 m.
2147 4167 2228 4213 74.
2255 4174 2313 4214 et

428 4236 611 4297 trulum,
644 4249 757 4285 cum
797 4233 1047 4297 principis
1071 4241 1167 4293 est,
1206 4248 1338 4295 prae-
1404 4228 1691 4279 Casanboni
1725 4228 1790 4277 ad
1829 4227 1979 4277 Suet.
2016 4226 2122 4281 Jul.
2161 4245 2208 4278 c.
2231 4234 2314 4281 76.

431 4302 580 4363 poni}
640 4314 755 4348 cum
797 4300 1027 4359 victoris,
1068 4298 1340 4362 subjungi:
1411 4298 1552 4345 Creu.

430 4364 527 4413 hoe
546 4364 731 4413 modo:
766 4378 889 4415 mr.
912 4376 1118 4415 casua
1138 4376 1257 4414 nm
1290 4376 1341 4414 r.
