3159 4959
658 422 835 491 6923
1570 438 1924 489 serrone.

660 589 843 649 terea
872 588 1097 665 gestas
1124 584 1449 647 adversus
1468 590 1514 623 ¹¹
1548 582 1874 660 Volscos,
1903 590 1973 645 et
2009 580 2388 654 Fidenates,
2415 593 2490 647 et
2517 583 2906 659 Faliscos,

662 685 973 749 continet.

1574 781 1936 801 OOOOOOOOOOOO

660 898 743 957 &e-
774 894 935 947 Gron.
976 898 1189 958 nonjut.
1230 898 1519 948 Crem—1⁰
1554 898 1648 947 Est
1682 898 1788 945 del.
1821 898 1988 947 (ξι-οη.
2023 897 2238 960 Doujat.
2267 898 2552 947 Crem—ll
2592 899 2894 947 Adem-

658 958 851 1010 habent
875 960 1005 1010 end.
1022 970 1077 1009 et
1098 975 1215 1011 cum
1239 962 1433 1012 Stroth.
1454 962 1688 1012 scribunt
1713 962 1903 1011 Volscos
1921 967 1968 1011 et
1999 960 2228 1026 Veientes,
2253 962 2522 1016 Fidenam.

1607 1218 1794 1285 LIB.
1853 1217 1948 1283 V.

750 1404 833 1470 In
878 1406 1233 1470 obsidione
1267 1404 1588 1468 Veiorum
1621 1404 2077 1488 hybernacula
2106 1402 2431 1467 militibus
2459 1402 2644 1466 facta
2673 1411 2874 1466 sunt.

664 1506 767 1571 Ea
808 1526 915 1571 res
960 1526 1109 1573 cum
1154 1514 1329 1569 esset
1374 1525 1575 1583 nova,
1607 1506 2128 1588 indignationem
2173 1504 2582 1568 tribunorum
2632 1502 2876 1585 plebis

662 1608 899 1680 movit,
924 1608 1333 1690 querentium
1368 1624 1498 1669 non
1542 1606 1686 1669 dari
1733 1606 1920 1689 plebi
1965 1622 2094 1668 nec
2123 1624 2240 1687 per
2267 1604 2566 1688 hyemem
2597 1604 2874 1668 militiae

660 1708 975 1789 requiem.
1056 1706 1323 1789 Equites
1356 1714 1499 1769 tum
1528 1707 1809 1789 primum
1837 1706 2028 1787 equis
2055 1708 2195 1769 suis
2217 1723 2466 1768 merere
2487 1712 2872 1787 coeperunt.

664 1805 835 1871 Cum
876 1808 1219 1871 inundatio
1263 1826 1349 1870 ex
1392 1806 1551 1871 lacu
1570 1812 1622 1843 ¹⁸
1671 1803 1938 1869 Albano
1987 1805 2168 1868 facta
2221 1814 2420 1881 esset,
2473 1815 2686 1878 vates,
2737 1807 2868 1887 qui

662 1926 812 1972 cam
842 1928 977 1972 rem
1006 1908 1573 1991 interpretaretur,
1604 1906 1686 1970 de
1715 1906 2022 1969 hostibus
2045 1912 2090 1953 ¹³
2131 1918 2370 1989 captus
2396 1912 2518 1969 est.
2607 1904 2868 1969 Furius

661 2008 995 2074 Camillus
1034 2008 1323 2073 dictator
1373 2008 1600 2072 decem
1649 2026 1860 2071 annos
1901 2008 2216 2071 obsessos
2249 2003 2463 2070 Veios
2497 2008 2712 2089 cepit:
2763 2008 2870 2069 si-

658 2110 1027 2175 mulacrum
1078 2110 1125 2174 J
1128 2110 1367 2173 naonis
1422 2108 1718 2173 Romam
1777 2107 2154 2172 transtulit:
2217 2106 2548 2171 decimam
2597 2114 2862 2189 partem

658 2210 909 2293 praedae
954 2209 1259 2293 Delphos
1302 2208 1610 2292 Apollini
1655 2208 1858 2272 misit.
1950 2207 2142 2272 Idem
2189 2208 2497 2272 tribunus
2543 2207 2857 2281 militnm,

658 2328 811 2373 cum
860 2309 1171 2375 Faliscos
1212 2308 1565 2385 obsideret,
1592 2308 1902 2392 proditos
1929 2308 2223 2373 hostium
2253 2308 2432 2371 filios
2464 2308 2858 2389 parentibus

656 2412 951 2476 remisit:
994 2413 1351 2493 statimque
1396 2410 1746 2474 deditione
1789 2410 1990 2487 facta,
2038 2409 2455 2473 Faliscorum
2505 2408 2856 2471 victoriam

650 2510 917 2593 justitia
960 2518 1361 2576 consecutus
1394 2519 1523 2575 est.
1612 2509 1782 2574 Cum
1817 2512 1985 2574 alter
2015 2528 2108 2574 ex
2137 2509 2530 2573 censoribus
2562 2506 2701 2571 ΟΜ
2727 2508 2774 2572 J
2779 2530 2857 2571 u-

657 2608 795 2674 lius
840 2612 1263 2689 decessisset,
1295 2613 1359 2674 in
1406 2610 1630 2675 locum
1671 2613 1816 2693 ejus
1847 2609 1949 2673 Μ.
1979 2608 2332 2673 Cornelius
2364 2608 2680 2673 suffectus
2722 2618 2848 2674 est.

662 2710 816 2774 Nec
866 2712 935 2774 id
991 2721 1231 2793 postea
1280 2710 1527 2774 sactum
1580 2718 1723 2788 est;
1779 2712 2096 2791 quoniam
2149 2728 2228 2773 eo
2279 2711 2490 2773 lustro
2539 2730 2585 2774 a
2629 2710 2851 2775 Gallis

660 2808 881 2874 Roma
927 2819 1125 2892 capta
1165 2817 1287 2874 est.
1379 2810 1624 2874 Furius
1671 2808 2020 2886 Camillus,
2050 2828 2204 2874 cum
2251 2812 2312 2876 ei
2342 2812 2492 2875 dies
2525 2834 2564 2877 a
2600 2813 2678 2876 L.
2713 2810 2850 2894 Ap-

656 2909 890 2994 puleio
912 2918 963 2959 ¹⁵
994 2912 1260 2975 tribuno
1290 2911 1508 2995 plebis
1540 2912 1724 2976 dicta
1757 2922 1966 2989 esset,
1997 2914 2068 2975 in
2097 2912 2376 2976 exilium
2412 2914 2603 2977 abiit.
2680 2910 2847 2977 Cum

659 3010 963 3077 Senones
995 3012 1173 3077 Galli
1200 3013 1507 3079 Clusium
1538 3014 1938 3092 obsiderent,
1965 3020 2036 3077 et
2062 3013 2290 3097 legati,
2321 3032 2362 3076 a
2393 3020 2631 3077 senatu
2663 3012 2846 3075 missi

661 3112 747 3177 ad
796 3114 1324 3197 componendam
1372 3117 1543 3179 inter
1587 3134 1704 3179 eos
1753 3122 1820 3179 et
1847 3113 2165 3178 Clusinos
2192 3133 2449 3196 pacem,
2478 3120 2846 3197 pugnantes

660 3222 887 3279 contra
940 3215 1179 3278 Gallos
1228 3216 1295 3279 in
1350 3218 1495 3279 acie
1554 3214 1983 3279 Clusinorum
2041 3216 2430 3293 stetissent3
2491 3214 2620 3277 hoc
2673 3215 2848 3277 sacto

660 3333 893 3377 eorum
926 3317 1242 3379 concitati
1274 3318 1569 3379 Senones
1603 3316 1855 3380 Urbem
1883 3315 2130 3380 infesto
2161 3316 2459 3380 exercitu
2491 3314 2845 3398 petierunt,

656 3416 954 3500 fusisque
983 3416 1068 3480 ad
1098 3416 1347 3481 Alliam
1376 3418 1618 3481 flumen
1653 3416 2004 3492 Romanis,
2037 3436 2268 3499 cepere
2309 3416 2560 3480 Urbem
2607 3421 2848 3498 praeter

660 3514 1093 3601 Capitolium,
1148 3520 1213 3580 in
1268 3517 1452 3601 quod
1506 3536 1581 3581 se
1633 3518 1954 3601 juventus
2013 3514 2500 3581 contulerat2¹⁶
2565 3510 2846 3599 majores

605 3690 612 3695 ‚
656 3624 842 3697 natu,
882 3638 1031 3683 cum
1072 3618 1439 3699 insignibus
1488 3618 1832 3695 honorum,
1879 3637 2055 3702 quos
2095 3618 2382 3701 quisque
2431 3621 2741 3699 gesserat,
2779 3616 2846 3679 in

658 3721 1003 3785 vestibulis
1052 3718 1296 3783 aedium
1342 3719 1671 3795 sedenteS,
1702 3717 2102 3783 occiderunt.
2195 3717 2284 3781 Et
2323 3738 2472 3783 cum
2517 3735 2636 3799 per
2665 3734 2846 3780 aver·

658 3834 803 3881 sam
849 3828 1105 3903 partem
1157 3817 1479 3899 Capitolii
1519 3817 1664 3901 jam
1705 3818 1772 3880 in
1811 3838 2134 3881 summum
2173 3820 2568 3895 evasissent,
2601 3816 2844 3901 proditi

660 3917 973 4004 clangore
1018 3938 1346 4001 anserum,
1374 3918 1473 3983 M.
1505 3918 1746 3983 Manlii
1776 3920 2118 4002 praecipue
2159 3940 2367 4003 opera
2399 3919 2645 4003 dejecti
2674 3922 2844 3982 sunt.

1568 4097 1926 4120 ”0000000000

726 4218 788 4262 12
822 4212 881 4263 Ῑιι
919 4215 1027 4264 lacu
1062 4213 1183 4266 edd.
1218 4222 1339 4265 ante
1376 4206 1686 4280 &gene-18
1717 4214 1734 4244 ⁴
1755 4214 1862 4264 Alii
1894 4214 2022 4264 Mn.
2051 4228 2131 4276 ex,
2159 4218 2214 4262 et
2236 4212 2468 4278 plerique
2491 4224 2766 4276 perperam
2785 4208 2843 4267 ὠ

660 4276 897 4330 baiba:
932 4278 1287 4344 Rupere—14
1317 4280 1523 4333 Deerat
1558 4288 1681 4332 ante
1723 4280 1904 4344 Sigon.
1941 4292 2244 4344 praenomen
2283 4280 2474 4329 0.--15
2509 4278 2691 4341 Apulae
2727 4274 2842 4327 edd.
