3159 4959
418 364 746 475 -5542

565 1010 679 1061 Dio.

596 1196 728 1245 Plut.
767 1204 820 1245 et

565 1262 775 1324 Appian.

566 1388 778 1453 Appiam.

565 1890 632 1939 Ju
634 1890 667 1937 1.
683 1886 863 1999 Οἶκος.

563 1954 693 2001 Flor.
747 1956 862 2001 vd.

563 2015 777 2079 Appian-

565 2439 698 2550 Appi
699 2454 778 2489 an.

562 2504 657 2615 PDl'u
639 2520 698 2616 ot.

563 2728 778 2793 Appian.

564 2822 694 2871 Plut.

1509 384 1579 430 Τ.
1626 374 1819 429 mvn

889 523 1113 583 animos
1151 521 1426 591 hostium,
1455 530 1518 581 et
1553 540 1721 581 snum
1762 517 2085 599 periculum
2124 518 2323 595 augeri
2360 517 2781 596 querebantur·

889 618 1092 679 Occisi
1137 618 1282 697 quin
1326 618 1504 676 etiam
1555 626 1693 677 sunt
1732 616 1919 693 aliqui
1963 614 2047 675 P.
2096 613 2305 673 Cascoe
2351 613 2627 692 impulsu,
2672 616 2781 695 qui

884 714 1176 793 parentari
1231 712 1442 773 Cassio
1491 711 1793 797 suppliciis
1858 711 2109 770 bostium
2176 709 2503 789 postulans,
2554 709 2781 770 editam

885 808 1034 869 forte
1071 811 1220 869 inter
1243 809 1394 869 alias
1415 809 1802 887 cogitationes
1825 825 1885 867 a
1888 806 2091 867 Bruto
2114 824 2343 877 vocem,
2371 804 2563 885 ‘quid
2602 808 2782 885 igitur

885 924 948 965 se
1007 914 1298 983 rogarent,
1354 924 1543 983 neque
1583 904 1848 965 facerent
1894 902 2007 982 ipsi
2054 901 2216 981 quod
2252 900 2619 961 videretur?’
2672 922 2781 981 pro

877 1002 1046 1077 jussu
1095 1000 1460 1080 imperatoris
1505 1009 1837 1079 acceperat,
1878 1006 2043 1059 tanto
2082 998 2341 1077 pronius,
2380 996 2543 1077 qaod
2586 998 2645 1055 in
2688 996 2785 1057 di-

885 1096 1070 1157 versis
1101 1096 1308 1156 castris
1339 1114 1572 1155 snorum
1598 1096 1779 1156 etiam
1804 1093 2111 1174 plerosque
2138 1090 2387 1153 interfici
2412 1091 2737 1153 audiveuat.
2770 1128 2777 1135 ·

972 1197 1068 1255 17.
1115 1191 1335 1251 Ferunt
1373 1210 1448 1249 ea
1483 1208 1723 1271 quoque
1762 1198 1936 1249 nocte
1970 1208 2105 1269 quae
2146 1188 2409 1269 pueliam
2444 1190 2781 1259 autecesu’t,

887 1296 1182 1366 spectrum
1205 1285 1369 1366 quod
1407 1286 1773 1364 transjiciens
1814 1306 1893 1345 ex
1927 1286 2083 1345 Asia
2118 1285 2368 1356 viderat,
2406 1286 2783 1345 obversatum

888 1384 944 1443 ei
979 1402 1128 1454 esse,
1151 1382 1256 1443 sed
1291 1382 1458 1442 nulla
1491 1402 1637 1444 voce
1671 1382 1849 1449 edita.
1934 1379 2067 1441 Sub
2100 1380 2290 1461 praelii
2320 1391 2553 1460 tempus
2592 1381 2781 1459 impe-

889 1487 1049 1539 rator
1089 1480 1212 1558 ipse
1250 1479 1561 1550 subtristis,
1587 1498 1793 1558 parum
1824 1478 1941 1538 sibi
1980 1476 2213 1557 placere
2236 1496 2373 1557 quae
2398 1476 2608 1537 fierent
2632 1497 2779 1537 voce

887 1584 1158 1645 testatus,
1184 1583 1202 1610 ‘
1233 1574 1411 1645 Nos,’
1446 1574 1660 1653 inquit,
1696 1583 1714 1609 ⁴
1746 1572 2017 1635 similiter
2038 1582 2217 1651 atque
2243 1572 2573 1652 Pompeius
2596 1574 2779 1650 Mag-

887 1685 996 1728 nus
1035 1669 1288 1746 gerimus
1325 1669 1570 1739 bellum,
1615 1678 1885 1749 parentes
1932 1669 2118 1747 magis
2162 1686 2343 1747 quam
2388 1669 2781 1748 imperantem?

889 1764 1076 1833 Quod
1123 1775 1184 1825 et
1229 1764 1502 1825 Cassium
1539 1765 1717 1846 paulo
1760 1773 1900 1825 ante
1938 1764 2161 1825 dixioee
2200 1764 2526 1824 retulimus.
2610 1764 2785 1840 Inter

885 1860 1016 1921 haec
1055 1861 1364 1931 militibus,
1403 1860 1544 1921 dum
1590 1860 1669 1920 ad
1713 1878 1970 1940 pugnam
2014 1859 2361 1931 educuntur,
2404 1860 2679 1939 AEthiops
2718 1862 2781 1920 in

889 1964 1059 2037 porta
1092 1957 1368 2028 occurrit,
1399 1966 1603 2036 estque
1643 1955 1809 2016 illico
1842 1964 2079 2036 propter
2116 1956 2409 2015 tristitiam
2450 1956 2662 2016 ominis
2698 1958 2780 2017 ab

887 2052 1053 2113 iratis
1091 2054 1340 2113 occisus.
1422 2052 1532 2113 Ad
1575 2052 1703 2111 haec
1742 2071 1989 2111 examen
2031 2072 2210 2132 apum
2248 2053 2309 2111 in
2349 2053 2541 2131 prima
2572 2053 2781 2132 aquila

885 2147 1074 2208 sedit:
1123 2158 1186 2207 et
1227 2168 1262 2207 e
1303 2148 1546 2207 brachio
1588 2148 1965 2216 centurionis,
2004 2166 2343 2226 quanquam
2382 2166 2539 2227 saepe
2582 2158 2779 2207 exter·

885 2252 1138 2321 geretur,
1178 2244 1551 2323 pertinaciter
1588 2242 1823 2303 sudavit
1852 2241 2069 2322 liquor,
2094 2251 2453 2321 unguentum
2492 2243 2671 2323 quale
2710 2243 2781 2303 fit

887 2356 920 2397 e
961 2338 1107 2397 rosis
1143 2339 1389 2417 spirans.

970 2438 1066 2491 18.
1109 2431 1249 2490 Jam
1285 2451 1443 2491 nona
1466 2432 1648 2491 ferme
1674 2432 1797 2493 diei
1814 2432 1967 2492 hona
1990 2440 2139 2503 erat,
2166 2453 2301 2493 cum
2326 2434 2477 2493 inter
2502 2432 2779 2495 adversas

887 2526 1045 2584 acies
1069 2524 1289 2604 aquilae
1312 2524 1446 2583 duoe
1475 2537 1947 2606 comparuerunt,
1972 2538 2297 2608 pugnantes
2320 2527 2595 2599 invicem,
2619 2548 2779 2587 snm-

890 2639 1097 2698 moque
1122 2620 1378 2679 omnium
1405 2619 1639 2681 silentio
1662 2630 1967 2701 spectatoe,
1986 2622 2175 2683 donec
2202 2622 2361 2683 victa
2384 2642 2517 2702 quae
2538 2644 2577 2683 a
2602 2623 2779 2683 Bruti

885 2716 1090 2774 castris
1121 2726 1500 2795 processerat,
1525 2716 1693 2794 fugit.
1775 2716 1931 2778 Tum
1962 2736 2105 2779 vero
2138 2718 2353 2788 hostes,
2382 2720 2605 2797 ingenti
2638 2720 2780 2779 sub-

885 2810 1012 2869 lato
1048 2811 1327 2882 clamore,
1355 2812 1705 2892 irruperunt.
1792 2811 1981 2873 Bruto
2010 2814 2315 2876 consilium
2354 2833 2565 2894 pugnae
2590 2818 2779 2895 magis

887 2908 1184 2985 magisque
1230 2907 1609 2987 displicebat,
1654 2908 1812 2987 quod
1864 2928 2053 2987 noque
2104 2908 2329 2971 videret
2378 2912 2439 2969 in
2490 2912 2777 2982 exercitu,

885 3021 1063 3078 quam
1105 3003 1374 3082 optabat,
1403 3004 1791 3076 alacritatem,
1826 3014 1891 3064 et
1924 3006 2015 3065 vir
2053 3005 2295 3086 quidam
2330 3005 2515 3077 fortis,
2551 3005 2774 3067 Camu-

884 3096 1038 3157 latus
1065 3100 1322 3169 nomine,
1343 3108 1552 3179 praeter
1577 3102 1767 3180 ipsum
1794 3100 2049 3160 Brutum
2074 3111 2456 3173 transvectus,
2478 3102 2557 3162 ad
2582 3105 2777 3165 hostes

881 3212 944 3252 se
979 3194 1350 3275 applicasset.
1437 3196 1559 3255 Sed
1583 3216 1697 3256 non
1728 3205 1855 3256 erat
1878 3196 2135 3276 amplius
2154 3197 2561 3259 deliberationi
2586 3200 2773 3261 locus.-

761 3348 774 3363 ‚
885 3285 1121 3349 Idcirco
1157 3291 1361 3369 paucis
1393 3292 1737 3352 cohortams
1760 3312 1924 3361 suos;
1970 3294 2309 3374 monituque
2336 3306 2354 3330 ⁴
2382 3315 2456 3354 ne
2482 3294 2713 3373 longius
2734 3316 2775 3355 a

883 3386 1252 3448 munimentis
1283 3384 1701 3457 discederetur,
1736 3406 1857 3465 quo
1894 3396 1957 3447 et
1994 3398 2265 3469 receptus
2299 3389 2533 3451 facilior
2564 3412 2599 3451 e
2636 3412 2771 3471 pro-

881 3480 1102 3558 pinquo
1138 3480 1293 3550 loco,
1333 3490 1396 3540 et
1429 3480 1686 3541 validior
1728 3482 1789 3542 in
1835 3483 2030 3544 hostes
2067 3486 2319 3565 impetus
2361 3506 2437 3548 ex
2474 3490 2771 3567 superiore

881 3572 1072 3642 foret,’
1112 3575 1376 3655 praelium
1417 3577 1728 3637 conseruit.

960 3675 1060 3743 19.
1113 3669 1310 3729 Multa
1363 3674 1653 3752 utrimque
1696 3675 1861 3734 caede
1905 3686 2225 3757 pugnatum
2269 3689 2533 3739 constat:
2584 3681 2771 3739 obsti-

693 3770 720 3801 ⁸
757 3789 770 3804 ·
881 3765 1037 3823 natis
1079 3768 1372 3846 utrimque
1415 3769 1645 3839 animis,
1685 3788 1821 3829 cum
1866 3770 2081 3831 alteros
2122 3773 2309 3834 fames
2352 3784 2413 3833 et
2456 3777 2773 3837 necessitas

881 3860 1248 3935 accenderet,
1277 3864 1491 3925 alteros
1525 3865 1735 3945 pudor,
1762 3886 1835 3926 ne
1860 3876 1921 3927 et
1944 3870 2213 3929 sumsisse
2238 3879 2453 3929 temere
2480 3872 2766 3951 praelium,

879 3964 939 4014 et
963 3958 1251 4034 ignaviter
1273 3964 1615 4023 sustinuisse
1642 3962 1993 4025 viderentur.
2080 3966 2325 4038 Brutus,
2346 3968 2599 4027 cum-his
2624 3988 2771 4047 quos

877 4070 1072 4111 secum
1119 4055 1402 4130 habebat,
1446 4060 1739 4119 sinistrum
1785 4060 2038 4121 hostium
2086 4083 2265 4123 cornu
2313 4064 2566 4145 impulit.
2660 4064 2768 4138 Et,

880 4149 1144 4224 gnaviter
1185 4153 1603 4231 adjuvantibus
1636 4157 1952 4237 equitibus,
1988 4159 2222 4221 fecisset
2256 4179 2451 4240 operae
2492 4162 2766 4241 pretium,
