3159 4959
1516 406 1589 454 T.
1636 406 1827 455 mvn

871 546 1094 607 cantati
1133 546 1422 627 ampliora
1455 550 1793 627 promittere
1826 549 2145 609 servaturis
2166 548 2432 628 praemia,
2462 568 2641 627 quam
2664 550 2773 610 ho·

871 644 1059 701 mines
1101 643 1490 703 scelestissimi
1535 645 1971 723 percussoribus
2018 646 2557 724 pronuntiaverant.
2666 646 2775 705 Illi

871 739 1050 816 igitur
1097 739 1306 819 optimi
1359 750 1538 818 atque
1590 740 2054 819 prestantissimi
2105 740 2218 799 viri
2269 740 2590 800 clarissime
2640 762 2774 821 per-

871 843 1211 913 spexerunt,
1239 854 1346 893 nos
1383 834 1642 893 Coesaris
1668 835 1931 913 quidem,
1958 844 2193 915 propter
2216 835 2554 895 affectatam
2581 838 2776 896 domi·

873 930 1194 999 nationem,
1237 928 1658 998 interfectores,
1700 940 1959 989 ceterum
2006 931 2161 1001 aliis,
2202 932 2307 1009 qui
2346 932 2407 989 in
2442 952 2507 989 se
2544 933 2775 992 trahere

873 1026 1196 1105 cupiebant
1231 1027 1361 1103 ejus
1399 1034 1771 1105 potestatem,
1798 1044 2041 1105 parcere
2080 1036 2339 1105 paratos,
2376 1046 2569 1105 neque
2603 1030 2777 1088 nobis

873 1121 1034 1200 ipsis,
1057 1121 1164 1181 sed
1206 1120 1448 1202 populo,
1475 1120 1797 1181 seeundum
1838 1142 2057 1181 morem
2094 1126 2383 1201 majorum
2418 1132 2483 1181 et
2508 1126 2651 1201 jura
2686 1124 2775 1183 ci·-

873 1217 1096 1287 vitatis,
1125 1217 1430 1295 imperium
1469 1225 1813 1287 asserentes,
1840 1218 2261 1297 proscriptione
2300 1218 2578 1296 belloque
2614 1220 2773 1298 peti:

872 1320 1054 1389 atque
1086 1312 1224 1369 hinc
1249 1310 1486 1390 quidem
1513 1312 1698 1371 bonos
1722 1313 1883 1371 viros
1904 1313 2205 1391 civesque,
2232 1314 2473 1391 tyranni
2496 1313 2775 1373 iuterfec-

874 1414 1055 1476 tores,
1082 1406 1370 1467 libertatis
1407 1406 1709 1474 vindices;
1752 1428 1831 1466 ex
1860 1406 2107 1465 adversa
2130 1426 2271 1466 vero
2298 1417 2463 1487 parte
2487 1406 2778 1468 satellites

873 1501 1250 1582 haeredesque
1301 1504 1510 1581 regios,
1561 1503 1758 1582 legum
1810 1522 2149 1581 morumque
2200 1522 2519 1574 eversores,
2566 1506 2778 1583 patriae

873 1597 1218 1676 parricidas,
1246 1600 1578 1659 consistere.
1668 1598 1847 1657 Unde
1884 1600 2055 1659 nobis
2089 1600 2299 1657 merito
2328 1618 2560 1677 mag-nm
2596 1608 2777 1679 atque

874 1702 1052 1751 certae
1089 1714 1224 1773 spes
1264 1714 1390 1754 esse
1433 1694 1674 1766 debent,
1724 1694 1988 1754 Deorum
2030 1695 2445 1774 hominumque
2490 1714 2777 1755 consensu

877 1809 983 1867 pro
1011 1790 1264 1866 justiore
1303 1809 1486 1849 causa
1526 1791 1941 1870 pugnantibus.

954 1892 1056 1945 22.
1097 1896 1117 1921 ‘
1153 1885 1374 1965 Neque
1413 1906 1554 1946 vero
1596 1906 1953 1957 moveamur,
1988 1889 2037 1945 si
2077 1888 2227 1947 forte
2268 1888 2379 1945 sub
2420 1886 2495 1947 C.
2539 1888 2778 1946 Caesare

875 1981 1172 2059 stipendia
1211 1981 1530 2060 aliquando
1568 1981 1834 2043 fecimus.
1920 1982 2237 2048 Quatenus
2274 1984 2429 2041 enim
2456 1984 2681 2060 justum
2716 1982 2779 2039 id

876 2086 1305 2137 sacra-tuentum
1349 2078 1482 2153 fuit,
1528 2080 1733 2159 patriai
1782 2079 2195 2139 militavimus:
2246 2078 2459 2157 reliqui
2502 2078 2781 2157 temporis

877 2173 1160 2231 memoria
1191 2172 1456 2233 dolorem
1496 2174 1693 2252 potius
1726 2182 1905 2253 atque
1942 2176 2089 2233 iram
2126 2173 2448 2233 accendere
2476 2173 2691 2231 nostris
2714 2173 2777 2230 in

875 2269 1088 2327 animis
1137 2268 1338 2338 debet,
1385 2269 1545 2348 quod
1598 2270 1876 2347 cuiquam
1924 2271 2303 2331 servivimus:
2364 2288 2552 2347 eoque
2609 2268 2781 2326 nobis

879 2383 1034 2423 nunc
1085 2363 1378 2440 agendum
1427 2374 1518 2423 est
1560 2364 1790 2435 fortius,
1840 2374 1907 2423 ut
1944 2366 2404 2423 tristissimorum
2448 2373 2779 2441 temporum

879 2478 996 2519 non
1037 2458 1215 2517 modo
1255 2456 1679 2528 infelicitatem,
1708 2480 1841 2537 quae
1880 2461 1957 2518 ab
1996 2460 2087 2519 his
2120 2459 2441 2529 reducitur,
2468 2458 2573 2517 sed
2598 2458 2779 2516 etiam

879 2562 1100 2613 metum
1161 2561 1515 2622 avertamus,
1569 2553 1846 2614 tollamus
1907 2556 2265 2635 exemplum,
2318 2554 2777 2613 recordationem

879 2668 1138 2729 quoque,
1165 2648 1230 2715 si,
1259 2647 1388 2707 fieri
1429 2650 1633 2727 possit,
1674 2650 2037 2711 aboleamus.
2106 2652 2210 2729 ‚Et
2246 2650 2517 2731 respicite
2555 2658 2783 2728 quanto

877 2746 956 2805 sit
988 2765 1112 2803 sors
1147 2753 1342 2803 vestra
1375 2745 1713 2823 optabilior.
1796 2746 1925 2806 Sub
1968 2747 2159 2805 Bruto
2198 2746 2439 2825 quidem
2474 2755 2536 2804 et
2572 2744 2783 2803 Cassio

878 2840 1348 2919 imperatoribus,
1395 2840 1498 2899 sed
1545 2839 1807 2899 Romani
1852 2840 2058 2921 populi
2102 2842 2394 2901 exercitus
2436 2841 2615 2899 estis:
2669 2860 2780 2901 nec

879 2956 984 3015 pro
1028 2935 1430 2995 dominatione
1473 2947 1693 3007 nostra,
1738 2938 1846 2996 sed
1887 2958 1995 3017 pro
2036 2937 2634 3016 majestateimperii,
2672 2956 2781 3014 pro

877 3030 1066 3089 salute
1115 3030 1300 3091 Urbis
1343 3039 1406 3089 et
1447 3030 1668 3104 Italiae,
1698 3053 1802 3111 pro
1844 3033 2094 3109 legibus,
2136 3052 2242 3111 pro
2280 3032 2553 3091 libertate
2584 3040 2782 3089 vestra

877 3126 1246 3205 depugnatis.
1359 3126 1561 3187 Nobis
1618 3128 1915 3207 equidem,
1968 3130 2019 3186 si
2080 3148 2184 3207 per
2234 3128 2500 3187 inimicos
2550 3126 2777 3197 liceret,

875 3223 1066 3297 omnis
1107 3244 1272 3284 mora
1317 3224 1496 3301 longa
1537 3234 1711 3294 esset,
1756 3223 1965 3295 donec,
2008 3244 2123 3283 non
2169 3224 2391 3295 dicam,
2433 3242 2783 3303 poneremus

877 3338 1062 3386 arma,
1100 3317 1204 3376 sed
1246 3319 1651 3396 abjiceremus.
1738 3318 1861 3378 Sed
1902 3318 2141 3398 quando
2180 3339 2373 3398 neque
2412 3319 2623 3379 volunt
2658 3320 2779 3387 isti,

877 3432 1070 3489 neque
1099 3415 1258 3489 jam,
1299 3432 1420 3491 prae
1459 3412 1679 3483 furore,
1722 3413 2061 3484 sceleribus,
2102 3415 2432 3493 impietate,
2474 3433 2581 3473 suo
2621 3414 2781 3472 arbi-

877 3508 990 3567 trio
1035 3516 1098 3567 et
1142 3506 1306 3567 velut
1351 3516 1546 3567 mente
1592 3509 1791 3578 emoti,
1825 3520 2111 3588 ‚posunt3
2167 3509 2328 3588 quod
2374 3528 2555 3568 unum
2598 3508 2781 3566 relin-

877 3604 1099 3683 quitur,
1145 3602 1223 3661 ad
1269 3603 1729 3681 recuperandam
1782 3606 2057 3683 patriam,
2100 3605 2546 3683 tristissimaque
2596 3606 2779 3664 servi-

875 3708 1002 3758 tute
1045 3697 1413 3759 liberandam
1453 3701 1696 3758 eamus.'
1778 3710 1793 3735 ‘
1828 3700 2095 3770 Eamus,'
2136 3702 2409 3761 universa
2442 3700 2649 3759 concio
2690 3720 2781 3759 re-

875 3796 1092 3865 sonuit,
1129 3794 1352 3872 paratis
1389 3794 1661 3853 omnibus
1694 3796 1892 3853 statim
1929 3796 2095 3874 sequi
2132 3816 2251 3874 quo
2286 3796 2657 3855 ducerentur.

955 3896 1057 3951 23.
1102 3888 1248 3954 Qua
1271 3890 1578 3949 alacritate
1607 3889 1778 3949 laetus
1804 3892 2142 3969 imperator,
2170 3892 2381 3975 iterum
2412 3891 2597 3952 indici
2609 3894 2781 3969 jusso

875 3985 1132 4054 silentio,
1188 3994 1204 4020 ‘
1239 3984 1387 4055 Dii‚’
1439 3986 1649 4064 inquit,
1704 3994 1721 4021 ‘
1741 3988 2033 4063 justorum
2086 3986 2431 4067 piorumque
2484 3987 2781 4045 bellorum

879 4078 1175 4157 praesides,
1201 4100 1308 4159 pro
1331 4080 1448 4139 bac
1473 4078 1593 4139 fide
1627 4080 1951 4159 studiisque
1976 4081 2182 4140 vestris
2207 4082 2469 4158 gratiam,
2495 4082 2665 4141 vobis
2687 4099 2779 4138 re·-

878 4173 1092 4245 ferant,
1133 4175 1594 4265 commilitones:
1637 4176 1799 4253 quod
1836 4177 2327 4246 autembumana
2366 4194 2511 4237 cura
2545 4190 2777 4256 praepa-
