3159 4959
752 888 2640 1013 SUPPLEMENTUM

1246 1190 1518 1257 LIBRI
1602 1186 2122 1258 cxxxvm.

1174 1434 2188 1513 HISTORIARUM

940 1668 1060 1756 T.
1152 1668 1534 1755 LIVII
1649 1664 2415 1756 PATAVINI.

586 2208 685 2257 mo
704 2224 811 2258 nv,
907 2192 965 2245 1.
1011 2158 1175 2249 SUB
1220 2182 1376 2245 idem
1420 2192 1654 2265 tempus
1700 2184 1903 2264 ingens
1947 2184 2008 2243 in
2051 2180 2309 2246 Thracia
2347 2180 2572 2242 bellum
2621 2178 2797 2241 finem

582 2272 883 2385 ἕξωῗθ·
910 2286 1142 2366 accepit
1172 2302 1187 2343 ε
1230 2282 1388 2362 quod
1438 2282 1689 2341 triennio
1735 2291 1963 2361 gestum
2007 2302 2044 2341 a
2089 2278 2160 2341 L.
2193 2281 2440 2351 Pisone,
2475 2279 2570 2341 his
2607 2274 2800 2337 causis

586 2370 699 2453 Dio]
720 2336 815 2401 Epi
838 2369 855 2385 ’
906 2391 1227 2444 exarserat.
1308 2375 1657 2457 Vologaeses
1701 2379 1938 2439 natione
1973 2376 2212 2450 Bessus,
2249 2376 2521 2438 sacerdos
2549 2373 2799 2447 Bacchi,

906 2489 988 2552 et,
1025 2479 1103 2538 ob
1141 2476 1499 2557 praecipuum
1536 2474 1670 2553 ejus
1713 2475 1964 2536 numinis
1999 2474 2248 2547 cultum,
2280 2494 2494 2552 mag-na
2520 2474 2669 2531 inter
2694 2492 2800 2555 po·

906 2576 1143 2655 puiares
1184 2572 1555 2641 auctoritate,
1591 2571 1785 2651 specie
1830 2569 2181 2651 religionum
2219 2571 2446 2631 animos
2487 2566 2564 2628 ad
2605 2587 2796 2627 rerum

906 2688 1189 2729 novarum
1255 2666 1644 2747 cupiditatem
1722 2666 2210 2727 inflammaverat.
2323 2666 2556 2726 Coacta
2622 2660 2794 2741 igitur

906 2783 1122 2841 magna
1164 2771 1246 2831 et,
1294 2770 1529 2841 propter
1567 2760 1835 2821 Deorum
1875 2762 2166 2822 creditum
2203 2761 2488 2832 favorem,
2531 2762 2798 2842 projecta

906 2858 984 2917 ad
1014 2856 1347 2916 audendum
1374 2874 1575 2926 manu,
1617 2864 2017 2917 occurrentem
2060 2856 2138 2917 ad
2179 2857 2349 2917 initia
2389 2865 2652 2916 motuum
2691 2875 2794 2915 ex-

906 2951 1230 3031 tinguenda
1282 2950 1494 3031 Cotyis
1540 2949 1730 3011 filium
1783 2951 2224 3033 Rhascyporim
2265 2950 2468 3032 praelio
2508 2952 2656 3012 vicit
2695 2971 2795 3011 oc-

614 3058 783 3122 Supra,
906 3048 1189 3127 ciditque.
1258 3046 1411 3107 Mox
1432 3056 1686 3107 tutorem
1706 3050 1835 3127 ejus
1855 3069 1928 3108 ac
1949 3048 2300 3109 avunculum
2323 3046 2797 3119 Rhoemetalcen,

592 3186 691 3235 Dm
911 3165 983 3205 ne
1026 3144 1230 3225 praelio
1271 3143 1534 3224 quidem,
1576 3143 1682 3204 sed
1715 3146 2118 3225 superstitione
2162 3144 2443 3226 perculsis
2483 3145 2796 3215 mentibus,

907 3242 1171 3311 exercitu
1208 3238 1433 3311 nudat:
1472 3241 1746 3301 omnibus
1779 3260 1936 3311 eum,
1963 3260 2037 3301 ne
2067 3250 2276 3301 contra
2303 3240 2501 3315 Deum
2535 3260 2798 3323 pugnare

906 3335 1262 3406 viderentur,
1288 3335 1771 3415 relinquentibus.
1841 3335 2188 3415 Fugientem
2213 3336 2351 3397 inde
2376 3346 2711 3417 persecutus
2737 3336 2798 3395 in

908 3430 1361 3501 Cherronesum,
1409 3431 1482 3492 iis
1522 3452 1759 3511 quoque
1785 3431 1952 3505 locis,
1985 3442 2192 3513 aperta
2216 3432 2524 3505 vastand0‚
2566 3452 2796 3516 expugq

906 3526 1101 3585 nando
1129 3526 1375 3596 minuta,
1414 3524 1730 3605 plurimum
1755 3528 2042 3587 maiorum
2069 3528 2289 3589 intulit.

582 3642 881 3695 nimau,
986 3626 1045 3679 2.
1092 3618 1216 3678 His
1256 3620 1561 3692 nuntiatis,
1599 3621 1774 3680 simul
1821 3631 1884 3681 et
1929 3621 2323 3684 Selletarum⁸
2363 3626 2658 3684 nationem
2705 3626 2794 3685 in-

906 3716 1201 3776 cursiones
1226 3716 1284 3774 in
1315 3716 1738 3779 Macedoniam
1762 3716 1980 3791 facere,
2025 3718 2230 3781 Caesar
2258 3719 2326 3779 L.
2354 3721 2660 3792 Pisonem,
2692 3722 2796 3799 qui

908 3811 1291 3892 Pamphyliae
1346 3820 1618 3892 praeerat,
1663 3816 1989 3875 exercitum
2041 3836 2113 3875 eo
2163 3826 2553 3896 transportare
2595 3819 2794 3896 jussit,

908 3904 1066 3986 quod
1112 3907 1549 3987 propinquiores
1594 3908 1748 3969 Asia
1795 3930 1865 3970 ac
1916 3909 2229 3991 Bithynia,
2285 3912 2486 3993 populi
2531 3910 2796 3973 Romani

968 4100 993 4128 ⁸
1026 4094 1331 4157 saletas-m]
1365 4095 1571 4146 Sinicius
1591 4098 1818 4149 nominat
1881 4113 1976 4148 niis
2015 4101 2064 4149 in
2105 4106 2233 4150 nots
2266 4100 2330 4151 sd
2374 4116 2491 4153 eum
2527 4102 2685 4153 Plinii
2721 4104 2794 4153 lo·

906 4157 1031 4207 Dio.
1096 4160 1299 4209 Senem
1318 4174 1351 4209 s
1374 4160 1545 4211 Plinio
1566 4176 1814 4212 memora-
1883 4178 1998 4213 tum
2015 4166 2172 4230 quiin
2189 4180 2284 4217 ors
2300 4165 2412 4217 iibri
2431 4166 2515 4219 hie
2528 4168 2796 4234 allegatur.

906 4226 1005 4276 tos.
1020 4221 1254 4273 diversos
1283 4238 1397 4273 esse
1430 4224 1495 4275 ab
1524 4226 1604 4275 his
1633 4227 1821 4276 Dionis
1888 4228 2027 4279 Creo.

906 4284 1105 4335 Motis
1136 4287 1405 4339 contendit
1440 4290 1569 4341 clar.
1593 4288 1819 4341 nardui-
