3159 4959
828 454 1033 505 mann
1090 452 1427 505 cxxxvi.
1471 450 2116 504 surrnnussnwn.
2399 439 2574 505 5875

445 602 545 661 Ἷ2.
588 596 865 655 Ceterum
914 594 1210 675 Agrippa,
1252 614 1513 654 reversus
1548 594 1608 653 in
1654 594 1905 667 Urbem,
1947 595 2248 655 decretum
2271 605 2388 658 Dio.

362 695 477 755 sibi
520 693 872 772 triumphum
920 690 1137 751 ducere
1188 690 1411 749 noluit:
1454 690 1910 770 exemplumque
1948 690 2135 761 dedit,
2173 710 2250 749 ne

364 784 729 869 quis'postea
763 784 1131 868 privatorum
1146 795 1251 846 aut
1284 806 1361 846 ex
1399 782 1718 866 provinciis
1750 787 2032 847 scriberet
2057 786 2132 846 ad
2157 806 2248 845 se·

366 893 589 954 natmn,
616 892 722 943 aut
744 883 917 943 victis
950 882 1217 942 hostibus
1251 881 1656 961 triumpharet.
1742 880 1936 959 Igitur
1971 881 2143 941 simul
2170 881 2249 941 ob

363 979 597 1039 virtutis
628 988 689 1037 et
722 978 1027 1037 modestiae
1068 976 1421 1056 singularem
1454 977 1878 1055 praeetantiam,
1913 997 2166 1037 summos
2189 978 2250 1035 in

364 1093 497 1133 eum
522 1074 771 1132 honores
797 1072 1109 1150 Augustus
1145 1071 1301 1131 haud
1344 1070 1603 1149 maligne
1641 1072 1911 1141 contulit,
1939 1082 2251 1152 prorogata

363 1169 419 1228 ei
446 1169 506 1227 in
532 1168 699 1227 aliud
733 1168 1195 1246 quinquennium
1229 1166 1532 1225 tribunitia
1566 1170 1884 1245 potestate,
1905 1167 1964 1225 in
2001 1168 2246 1227 Panno-
2359 1158 2369 1167 ⁸

363 1264 491 1322 nios
509 1262 767 1333 mittens,
786 1252 921 1322 cum
946 1264 1194 1339 majore,
1216 1280 1586 1339 quocumque
1606 1268 1776 1320 extra
1797 1260 2038 1321 Italiam
2055 1264 2248 1322 venis-

364 1366 475 1428 set,
516 1357 785 1435 imperio,
824 1376 1003 1435 quam
1037 1376 1239 1415 eorum
1279 1364 1453 1426 esset,
1488 1357 1594 1437 qui
1631 1358 1988 1437 provinciam
2017 1358 2249 1417 obtine-

366 1460 515 1511 rent.
599 1449 741 1511 Nec
781 1452 885 1511 ille
916 1460 1240 1522 contanter,
1281 1471 1620 1532 quanquam
1655 1453 2000 1513 imminebat
2021 1454 2249 1532 hyems,

367 1549 682 1629 profectus,
709 1548 834 1608 solo
860 1556 1075 1609 terrore
1110 1550 1358 1608 nominis
1382 1550 1824 1629 praesentiaeque
1848 1568 1968 1608 suae
1993 1551 2254 1611 coercuit

364 1646 615 1715 hostem,
669 1642 933 1723 nihilque
984 1645 1267 1705 abnuenti
1316 1645 1547 1705 veniam
1593 1643 2014 1723 praeteritorum
2063 1643 2249 1705 dedit.

366 1738 488 1799 Sed
532 1739 667 1801 inde
708 1749 1023 1810 revertens,
1066 1761 1201 1800 cum
1224 1743 1357 1820 jam
1402 1740 1495 1799 M.
1523 1740 1808 1801 Valerius
1845 1740 1937 1801 M.
1981 1740 2053 1802 F.
2085 1740 2248 1801 Mes-

363 1835 521 1897 salla
564 1836 887 1908 Barbatus,
937 1837 1021 1896 P.
1068 1836 1367 1915 Sulpicius
1409 1838 1493 1897 P.
1540 1838 1612 1898 F.
1655 1838 1940 1903 Quirinus
1983 1837 2252 1897 consules

363 1940 580 2003 essent,
621 1934 680 1991 in
727 1931 1063 2011 Campania
1106 1933 1311 1992 morbo
1362 1941 1661 2011 correptus
1703 1935 2022 2013 expiravit,
2067 1934 2252 2013 prius-

366 2046 547 2112 quam
590 2047 661 2087 eo
711 2028 1015 2108 pervenire
1060 2027 1369 2105 Augustus
1410 2036 1606 2107 posset
1641 2048 1656 2087 ε
1716 2029 1820 2106 qui
1864 2028 1943 2088 ad
1985 2030 2250 2089 nuntium
2275 2055 2383 2105 Li„
2407 2054 2538 2119 Epit.

364 2121 725 2182 valetudinis
752 2122 903 2201 ejus,
948 2122 1287 2201 quanquam
1327 2121 1479 2183 forte
1508 2123 1984 2202 Quinquatribus
2021 2126 2250 2185 nomine
2275 2119 2392 2169 135⁰·

366 2216 619 2279 filiorum
642 2219 813 2279 ludos
839 2219 1171 2289 exhiberet,
1198 2218 1537 2279 festinanter
1559 2224 1952 2281 excurrerat?

447 2320 550 2376 72³.
593 2314 825 2395 Corpus
850 2318 981 2394 ejus
1002 2316 1063 2373 in
1082 2314 1315 2375 Urbem
1342 2316 1631 2395 perlatum
1650 2326 1761 2386 est,
1783 2337 1854 2376 ac
1879 2317 1938 2375 in
1966 2317 2094 2377 foro
2118 2338 2254 2398 pro-

370 2408 647 2486 positum,
674 2409 815 2470 dum
842 2411 1150 2488 Augustus
1186 2410 1588 2471 laudationem
1621 2412 1873 2491 peragit,
1910 2412 2046 2473 velo
2073 2414 2254 2471 inter-

370 2505 563 2584 posito
588 2505 748 2584 quod
782 2514 1086 2586 aspectum
1120 2514 1365 2569 arceret.
1448 2506 1529 2567 Id
1565 2516 1838 2567 utrumne
1874 2506 2080 2568 fecerit
2117 2510 2258 2587 qnia

367 2620 571 2661 censor
595 2610 743 2673 erat,
771 2600 857 2661 an⁴
872 2603 1017 2681 quia
1043 2602 1310 2683 pontifex
1336 2604 1652 2675 maximine,
1678 2602 1838 2683 quod
1863 2604 1976 2675 his,
2001 2624 2252 2665 summo·
2309 2623 2509 2689 Joseph.

366 2716 494 2756 rum
520 2696 679 2775 apud
698 2696 739 2755 J
745 2696 943 2757 udaeos
966 2697 1333 2759 sacerdotum
1358 2718 1544 2769 more,
1580 2699 1838 2759 cadaver
1861 2699 2256 2760 videremefas
2277 2688 2458 2764 Antiq3
2491 2705 2574 2738 ¹¹¹·

368 2800 541 2865 esset,
570 2814 777 2873 parum
802 2791 1031 2873 liquet:
1073 2796 1393 2873 praesertim
1420 2814 1553 2855 cum
1591 2803 1898 2875 utramque
1923 2796 2256 2876 opinionem
2279 2758 2359 2803 lo.
2395 2754 2510 2803 Μ’

363 2888 495 2949 Dio
522 2898 753 2967 arguat,
774 2909 891 2949 non
918 2890 1188 2967 ignorans
1212 2891 1475 2961 istorum,
1504 2891 1594 2949 bis
1619 2890 1846 2962 consul,
1869 2891 2050 2951 semel
2076 2892 2254 2951 etiam

369 2982 667 3062 pontificis
711 2984 955 3043 maximi
994 2984 1247 3061 collega.
1330 2984 1618 3043 Ceterum
1661 2985 1994 3065 Agrippam
2046 2987 2104 3044 in
2149 3006 2257 3046 suo

370 3087 745 3137 monumento
770 3077 947 3137 condi
959 3078 1139 3155 jussit
1164 3078 1392 3148 Caesar,
1418 3079 1520 3137 ubi
1544 3088 1608 3138 et
1629 3078 1986 3139 Marcellum
2011 3081 2256 3160 sepelie-

368 3181 503 3233 rat:
546 3193 885 3253 quanquam
908 3182 971 3232 et
994 3173 1081 3232 illi
1112 3172 1289 3233 datus
1320 3174 1381 3234 in
1408 3174 1640 3255 Campo
1677 3176 1903 3236 Martio
1937 3176 2256 3255 sepulturae

368 3268 535 3331 locus
558 3270 765 3331 fuerat.
826 3269 1015 3329 Hunc
1037 3270 1115 3328 ad
1140 3269 1377 3329 modum
1400 3271 1679 3350 Agrippa
1703 3270 1856 3329 finiit
1871 3271 2073 3342 vitam,
2093 3270 2258 3331 fama

370 3387 549 3445 quam
591 3386 797 3444 genere
825 3366 1095 3437 nobilior,
1122 3366 1499 3445 amicitiaque
1522 3367 1774 3426 Caesaris
1791 3366 2112 3427 Octaviani
2139 3369 2256 3429 vir·
2281 3388 2576 3440 Vennum.

370 3464 707 3543 tutibusque
730 3463 850 3521 suis
864 3470 1197 3541 provectus,
1220 3463 1433 3542 quibus
1452 3462 1612 3521 domi
1634 3461 1894 3541 bellique
1916 3464 2255 3524 immensum

370 3557 585 3617 claruit
608 3578 626 3616 ι
664 3566 863 3617 cetera
886 3578 1147 3637 quoque,
1172 3558 1553 3637 si'qnisquam
1572 3578 1646 3617 eo
1665 3567 1924 3638 tempore
1947 3558 2254 3621 Romano·

373 3672 521 3722 rum,
546 3654 637 3712 vir
674 3654 885 3723 bonuS,
926 3662 987 3711 et
1024 3653 1258 3712 omnino
1292 3652 1524 3731 dignus,
1562 3674 1736 3731 quem
1772 3674 2060 3734 pronepos
2085 3657 2253 3716 cali-
2308 3682 2511 3732 Sueton.

374 3746 517 3825 gula
540 3766 655 3807 non
682 3757 1059 3823 agnosceret:
1086 3768 1375 3808 summum
1402 3748 1562 3808 haud
1589 3749 1766 3808 dubie
1786 3749 2002 3821 locum,
2029 3752 2078 3809 si
2103 3771 2253 3810 rem·
2279 3744 2416 3802 0⁸³⁰·
2443 3751 2526 3796 ²⁸·

372 3842 674 3923 publicam
724 3841 963 3901 liberam
1016 3852 1223 3901 nactus
1264 3854 1437 3915 esset,
1482 3852 1910 3925 occupaturus:
1969 3846 2027 3903 in
2073 3866 2255 3923 regno

374 3940 567 4009 unius,
612 3946 673 3997 et
714 3938 1005 3998 communi
1051 3946 1372 3999 ceterorum
1418 3941 1726 4019 obsequio,
1766 3940 1854 3999 ita
1897 3941 2146 4011 medina,
2190 3950 2258 4003 ut

374 4044 570 4096 tamen
616 4034 864 4116 imperio
903 4053 1079 4111 quam
1124 4036 1361 4095 servitio
1405 4037 1644 4116 propior
1673 4044 1858 4097 esset:
1902 4039 2070 4116 cujus
2085 4057 2256 4117 mag-

953 4226 979 4287 ,“
1012 4226 1077 4280 Α.
1101 4229 1169 4281 U.
1190 4230 1253 4282 C.
1273 4234 1387 4283 ⁷4⁰.
1452 4230 1519 4283 A.
1543 4230 1604 4283 C.
1628 4234 1710 4285 12.
