3159 4959
16 942 44 1077 rra-on
18 746 53 881 ιιι-*3
19 626 55 684 ε,-

1223 466 1714 517 resumsit-rs.
2398 450 2572 517 5907

382 613 625 678 nandis
674 612 946 677 urbibus
990 611 1278 676 hostium
1322 612 1674 693 gessisset,
1705 612 2050 695 exposuit,
2081 619 2152 677 et
2190 612 2274 675 ad
2321 612 2574 695 reliqua

381 716 539 779 belli
590 713 971 778 cohortatus
1019 722 1125 778 est
1176 714 1415 797 paucis
1468 714 1773 791 edoctos,
1827 720 2146 799 quantum
2205 713 2572 797 Hispaniae

382 817 751 903 provinciae
810 818 1182 893 interesset,
1238 834 1401 880 suas
1454 821 1680 899 partes
1735 817 2118 898 superiores
2169 834 2346 879 esse.
2455 816 2574 879 Di-

383 920 592 984 misso
634 917 869 982 deinde
908 926 1262 990 conventu,
1284 916 1629 1001 jussisque
1661 916 1970 980 omnibus
1997 917 2094 979 ibi
2184 958 2202 977 .
2295 960 2312 977 .
2404 959 2421 975 .
2509 934 2578 979 re

384 1040 543 1085 suas
592 1020 922 1104 principio
968 1020 1147 1082 veris
1194 1018 1296 1081 M.
1341 1017 1742 1101 Perpernam
1795 1036 1946 1081 cum
2001 1018 2234 1099 viginti
2277 1016 2578 1081 millibus

382 1121 705 1203 peditum,
738 1119 1085 1204 equitibus
1127 1119 1309 1183 mille
1338 1118 1724 1201 quingentis
1755 1119 1824 1181 iu
1859 1118 2278 1183 Ilurcaonum
2315 1116 2577 1194 [Iler-na-

384 1221 589 1297 onum]
635 1228 893 1301 gentem
944 1219 1125 1283 misit
1171 1218 1257 1285 ad
1298 1220 1614 1283 tuendam
1661 1221 1952 1301 regionis
1993 1222 2140 1304 ejus
2179 1221 2578 1285 maritimam

386 1342 598 1397 oram,
645 1320 827 1383 datis
876 1320 1255 1404 praeceptiS,
1299 1319 1545 1403 quibus
1599 1321 1947 1385 itineribus
1997 1321 2274 1386 duceret
2327 1320 2413 1386 ad
2464 1322 2580 1385 de·-

386 1420 753 1486 fendendas
798 1420 1028 1485 socias
1072 1422 1289 1498 urbeS,
1327 1441 1499 1505 quas
1544 1421 1918 1505 Pompeius
1962 1427 2394 1505 oppugnaret,
2429 1421 2582 1505 qui-

390 1521 646 1605 busque
677 1522 900 1605 ipsum
930 1540 1161 1605 agmen
1190 1521 1506 1605 Pompeii
1532 1541 1625 1587 ex
1656 1522 1920 1586 insidiis
1949 1523 2426 1607 aggrederetur.

478 1622 733 1687 Eodem
764 1626 1061 1705 tempore
1092 1629 1159 1687 et
1198 1622 1287 1687 ad
1318 1622 1874 1703 Herennuleium,
1905 1626 2024 1707 qui
2056 1626 2121 1688 in
2152 1624 2362 1687 isdem
2407 1624 2582 1689 locis

388 1730 550 1801 erat,
579 1723 811 1788 literas
854 1724 1054 1798 misit,
1086 1730 1154 1787 et
1196 1724 1264 1787 in
1313 1724 1583 1788 alteram
1633 1724 2047 1808 provinciam
2094 1724 2178 1788 ad
2221 1724 2302 1788 L.
2337 1724 2582 1790 Hertu-

385 1825 587 1888 leium
634 1822 1055 1903 [Hirtuleium]
1096 1826 1522 1909 praecipiens,
1566 1826 2124 1909 quemadmodum
2167 1826 2422 1891 bellum
2465 1826 2585 1889 ad-

390 1926 758 1990 ministrare
810 1923 1231 2000 [administrari
1254 1924 1372 1984 'vel
1418 1924 1825 1983 administrare
1872 1924 2088 2004 ipsum]
2140 1926 2372 2003 vellet,
2429 1932 2584 1991 ante

389 2028 614 2091 omnia
646 2030 719 2091 ut
745 2025 843 2090 ita
876 2025 1107 2090 socias
1140 2026 1455 2089 civitates
1488 2031 1807 2103 tueretur,
1838 2044 1920 2089 ne
1949 2028 2093 2090 acie
2117 2046 2266 2090 cum
2303 2026 2583 2090 Metello

391 2128 758 2203 dimicaret,
790 2127 902 2191 cui
949 2146 1181 2209 neque·
1213 2127 1639 2205 auctoritate,
1680 2145 1899 2211 neque
1947 2129 2204 2192 viribus
2251 2148 2371 2246 par
2407 2136 2587 2192 esset

555 2276 572 2292 .
642 2277 657 2292 .
704 2250 769 2293 m
819 2229 1167 2294 consilium
1219 2272 1234 2289 .
1282 2276 1297 2290 .
1350 2274 1367 2291 .
1411 2274 1429 2293 .
1476 2248 1739 2293 versum
1787 2274 1804 2291 .
1853 2274 1870 2291 .
1919 2274 1936 2291 .
1981 2249 2194 2313 neque
2247 2231 2314 2294 in
2369 2231 2585 2295 aciem

396 2331 863 2395 descensurum
917 2349 1065 2394 enm
1123 2330 1458 2403 credebat,
1507 2332 1564 2394 si
1629 2331 1993 2395 traheretur
2044 2331 2331 2397 bellum.
2387 2333 2587 2409 hosti,

398 2450 552 2495 cum
600 2452 784 2495 mare
827 2430 914 2495 ab
954 2436 1142 2513 tergo
1175 2431 1688 2515 provinciasque
1719 2451 1946 2496 omnes
1978 2432 2045 2495 in
2095 2438 2430 2515 potestate
2471 2434 2588 2497 ha-

394 2535 600 2610 beret,
628 2533 909 2597 navibus
958 2531 1253 2617 undique
1298 2539 1714 2597 commeatus
1762 2530 2110 2613 venturos3
2166 2533 2297 2617 ipsi
2343 2540 2587 2612 autem,

396 2636 766 2699 consumtis
811 2634 1037 2719 priore
1067 2644 1330 2713 aestate,
1361 2653 1514 2718 quae
1542 2640 1921 2718 praeparata
1951 2634 2258 2715 fuissent,
2293 2636 2587 2701 omnium

397 2756 610 2801 rerum
645 2738 941 2821 inopiam
971 2736 1129 2801 sore.

411 2843 419 2854 ‘
490 2839 883 2923 Perpernam
914 2841 980 2903 in
1013 2841 1411 2905 maritimam
1444 2838 1770 2923 regionem
1805 2840 1931 2905 sub
1963 2885 1980 2902 .
2020 2887 2033 2902 .
2075 2879 2094 2903 ·
2122 2850 2260 2907 tum
2309 2882 2587 2907 .....

400 2938 444 3004 a
468 2940 622 3021 geri,
649 2958 801 3003 cum
834 2942 920 3005 ab
952 2960 1023 3003 se
1053 2948 1577 3025 oppugnarentur
1603 2942 1918 3006 Celtiberi
1945 2948 2022 3005 ut
2064 2985 2342 3007 .....
2386 2944 2590 3007 armis

402 3083 967 3105 ......
1054 3060 1224 3105 aemu
1316 3086 1333 3105 .
1426 3085 1442 3102 .
1535 3088 1552 3104 .
1647 3087 1662 3102 .
1755 3088 1770 3103 .
1856 3044 2338 3108 maritimamne
2381 3062 2590 3121 orum,

401 3147 475 3205 ut
503 3140 904 3223 Pompeium
939 3141 1025 3204 ab
1056 3138 1436 3206 Ilercaonia
1468 3147 1539 3205 et
1568 3141 2012 3211 Contestania
2037 3151 2285 3220 arceat,
2309 3150 2591 3227 utraque

402 3243 592 3308 socia
633 3248 848 3324 gente,
881 3261 967 3305 an
1011 3241 1097 3306 ad
1140 3240 1483 3307 Metellum
1514 3250 1580 3307 et
1611 3242 2036 3308 Rusitaniam
2069 3241 2486 3322 [Lusitaniam]
2518 3264 2592 3309 se

401 3345 793 3409 convertat?
868 3342 1049 3409 Haec
1078 3362 1305 3408 secum
1332 3344 1594 3427 agitans
1623 3344 1967 3409 Sartorius
1997 3353 2246 3429 praeter
2275 3344 2592 3428 hyberum

404 3465 661 3511 amnem
711 3465 832 3528 per
875 3451 1157 3527 pacatos
1201 3466 1401 3527 agros
1444 3448 1740 3531 quietum
1789 3448 2164 3511 exercitum
2207 3448 2353 3511 sine
2396 3446 2592 3511 ullius

402 3566 577 3610 noxa
601 3546 817 3611 duxit.
861 3546 1216 3612 Profectus
1241 3548 1395 3613 inde
1412 3550 1477 3613 in
1497 3550 1920 3613 Bursaonum
1939 3555 2005 3614 et
2029 3548 2591 3614 Casuantinorum

408 3646 949 3725 [Cascantinorum]
998 3656 1062 3711 et
1105 3646 1730 3715 Graccuritanorum
1777 3650 1966 3728 fines,
2008 3650 2334 3714 evastatis
2385 3651 2594 3713 omni-

404 3751 531 3813 bus
572 3747 1104 3831 proculcatisque
1132 3752 1490 3832 segetibus,
1522 3752 1607 3815 ad
1648 3751 2024 3835 Calagnrim
2057 3750 2387 3815 Nasicam
2421 3750 2594 3815 soci-

406 3869 597 3917 orum
643 3848 871 3912 urbem
917 3849 1119 3928 benit,
1154 3852 1367 3931 [venit]
1401 3858 1978 3937 transgressusque
2023 3870 2276 3915 amnem
2325 3850 2596 3936 propin-

370 4038 387 4055 ·
407 3971 615 4036 quum
646 3948 833 4029 urbi;
880 3957 1083 4031 ponte
1110 3950 1314 4030 facto,
1343 3960 1566 4019 castra
1595 3954 1846 4035 posuit.

492 4052 770 4117 Postero
800 4049 907 4113 die
933 4050 1035 4114 M.
1060 4050 1354 4117 Masium
1379 4062 1780 4137 quaestorem
1806 4054 1874 4118 in
1899 4052 2204 4117 Arvacos
2230 4050 2593 4133 [Arevaeos]

408 4161 474 4218 et
518 4150 931 4217 Cerindones
976 4150 1405 4233 [Pelendones]
1452 4156 1635 4219 misit
1677 4155 1762 4218 ad
1809 4152 2330 4219 conscribendos
2376 4171 2464 4215 ex
2507 4153 2596 4217 iis

411 4254 714 4337 gentibus
746 4254 993 4318 milites
1026 4255 1563 4346 frumentumque
1606 4257 1762 4325 inde
1791 4255 2208 4325 Contrebiam
2245 4252 2596 4333 [Leucada
