<?xml version="1.0" encoding="UTF-8"?>
<!DOCTYPE html PUBLIC "-//W3C//DTD XHTML 1.0 Transitional//EN"
    "http://www.w3.org/TR/xhtml1/DTD/xhtml1-transitional.dtd">
<html xmlns="http://www.w3.org/1999/xhtml" xml:lang="en" lang="en">
 <head>
  <title>
</title>
<meta http-equiv="Content-Type" content="text/html;charset=utf-8" />
  <meta name='ocr-system' content='tesseract 3.04.00' />
  <meta name='ocr-capabilities' content='ocr_page ocr_carea ocr_par ocr_line ocrx_word'/>
</head>
<body>
  <div class='ocr_page' id='page_1' title='image "./tliviipatavinih09livygoog_0050.png"; bbox 0 0 3159 4959; ppageno 0'>
   <div class='ocr_carea' id='block_1_1' title="bbox 586 2117 797 2180">
    <p class='ocr_par' dir='ltr' id='par_1_1' title="bbox 586 2117 797 2180">
     <span class='ocr_line' id='line_1_1' title="bbox 586 2117 797 2180; baseline 0.014 -17"><span class='ocrx_word' id='word_1_1' title='bbox 586 2117 626 2163; x_wconf 71' lang='lat' dir='ltr'>A</span> <span class='ocrx_word' id='word_1_2' title='bbox 635 2118 777 2180; x_wconf 77' lang='lat' dir='ltr'><strong>ppian</strong></span> <span class='ocrx_word' id='word_1_3' title='bbox 784 2152 797 2166; x_wconf 92' lang='lat'><strong>.</strong></span> 
     </span>
    </p>
   </div>
   <div class='ocr_carea' id='block_1_2' title="bbox 1531 417 1845 465">
    <p class='ocr_par' dir='ltr' id='par_1_2' title="bbox 1531 417 1845 465">
     <span class='ocr_line' id='line_1_2' title="bbox 1531 417 1845 465; baseline 0 -1"><span class='ocrx_word' id='word_1_4' title='bbox 1531 418 1601 465; x_wconf 73' lang='lat' dir='ltr'><strong>&#39;&#39;l&#39;-</strong></span> <span class='ocrx_word' id='word_1_5' title='bbox 1654 417 1845 465; x_wconf 70' lang='lat' dir='ltr'><strong>mvn</strong></span> 
     </span>
    </p>
   </div>
   <div class='ocr_carea' id='block_1_3' title="bbox 897 557 2808 1985">
    <p class='ocr_par' dir='ltr' id='par_1_3' title="bbox 897 557 2803 1218">
     <span class='ocr_line' id='line_1_3' title="bbox 903 557 2801 638; baseline 0 -19"><span class='ocrx_word' id='word_1_6' title='bbox 903 560 1170 638; x_wconf 79' lang='lat' dir='ltr'><strong>signibus</strong></span> <span class='ocrx_word' id='word_1_7' title='bbox 1193 557 1442 619; x_wconf 77' lang='lat' dir='ltr'><strong>vidistis.</strong></span> <span class='ocrx_word' id='word_1_8' title='bbox 1523 557 1665 618; x_wconf 81' lang='lat' dir='ltr'><strong>Nec</strong></span> <span class='ocrx_word' id='word_1_9' title='bbox 1688 558 1837 619; x_wconf 75' lang='lat' dir='ltr'><strong>ferre</strong></span> <span class='ocrx_word' id='word_1_10' title='bbox 1860 558 1993 618; x_wconf 75' lang='lat' dir='ltr'><strong>haec</strong></span> <span class='ocrx_word' id='word_1_11' title='bbox 2014 564 2275 628; x_wconf 70' lang='lat' dir='ltr'><strong>senatus,</strong></span> <span class='ocrx_word' id='word_1_12' title='bbox 2302 566 2553 627; x_wconf 70' lang='lat' dir='ltr'><strong>vestram</strong></span> <span class='ocrx_word' id='word_1_13' title='bbox 2580 558 2801 637; x_wconf 78' lang='lat' dir='ltr'><strong>pariter</strong></span> 
     </span>
     <span class='ocr_line' id='line_1_4' title="bbox 897 654 2799 734; baseline 0 -19"><span class='ocrx_word' id='word_1_14' title='bbox 897 674 1186 734; x_wconf 70' lang='lat' dir='ltr'><strong>suamque</strong></span> <span class='ocrx_word' id='word_1_15' title='bbox 1209 656 1400 715; x_wconf 79' lang='lat' dir='ltr'><strong>vicem</strong></span> <span class='ocrx_word' id='word_1_16' title='bbox 1423 674 1683 732; x_wconf 77' lang='lat' dir='ltr'><strong>gemens,</strong></span> <span class='ocrx_word' id='word_1_17' title='bbox 1710 674 1821 715; x_wconf 83' lang='lat' dir='ltr'><strong>nec</strong></span> <span class='ocrx_word' id='word_1_18' title='bbox 1840 654 2177 725; x_wconf 82' lang='lat' dir='ltr'><strong>emendare,</strong></span> <span class='ocrx_word' id='word_1_19' title='bbox 2204 655 2315 713; x_wconf 86' lang='lat' dir='ltr'><strong>nisi</strong></span> <span class='ocrx_word' id='word_1_20' title='bbox 2338 654 2573 713; x_wconf 81' lang='lat' dir='ltr'><strong>sublato</strong></span> <span class='ocrx_word' id='word_1_21' title='bbox 2592 664 2799 734; x_wconf 78' lang='lat' dir='ltr'><strong>tyran·</strong></span> 
     </span>
     <span class='ocr_line' id='line_1_5' title="bbox 899 750 2799 833; baseline -0.001 -20"><span class='ocrx_word' id='word_1_22' title='bbox 899 770 1006 823; x_wconf 80' lang='lat' dir='ltr'><strong>no,</strong></span> <span class='ocrx_word' id='word_1_23' title='bbox 1033 760 1284 833; x_wconf 72' lang='lat' dir='ltr'><strong>poterat.</strong></span> <span class='ocrx_word' id='word_1_24' title='bbox 1357 750 1506 810; x_wconf 87' lang='lat' dir='ltr'><strong>Non</strong></span> <span class='ocrx_word' id='word_1_25' title='bbox 1536 751 1699 811; x_wconf 77' lang='lat' dir='ltr'><strong>enim</strong></span> <span class='ocrx_word' id='word_1_26' title='bbox 1740 760 1871 811; x_wconf 76' lang='lat' dir='ltr'><strong>erat</strong></span> <span class='ocrx_word' id='word_1_27' title='bbox 1910 752 2139 829; x_wconf 76' lang='lat' dir='ltr'><strong>legibus</strong></span> <span class='ocrx_word' id='word_1_28' title='bbox 2174 750 2339 810; x_wconf 72' lang='lat' dir='ltr'><strong>locus</strong></span> <span class='ocrx_word' id='word_1_29' title='bbox 2372 758 2581 809; x_wconf 78' lang='lat' dir='ltr'><strong>contra</strong></span> <span class='ocrx_word' id='word_1_30' title='bbox 2604 770 2799 813; x_wconf 77' lang='lat' dir='ltr'><strong>arma-</strong></span> 
     </span>
     <span class='ocr_line' id='line_1_6' title="bbox 899 846 2803 927; baseline -0.001 -18"><span class='ocrx_word' id='word_1_31' title='bbox 899 858 1054 918; x_wconf 65' lang='lat' dir='ltr'><strong>um,</strong></span> <span class='ocrx_word' id='word_1_32' title='bbox 1077 858 1286 927; x_wconf 79' lang='lat' dir='ltr'><strong>totque</strong></span> <span class='ocrx_word' id='word_1_33' title='bbox 1309 849 1625 909; x_wconf 75' lang='lat' dir='ltr'><strong>habentem</strong></span> <span class='ocrx_word' id='word_1_34' title='bbox 1662 850 1724 906; x_wconf 89' lang='lat' dir='ltr'><strong>in</strong></span> <span class='ocrx_word' id='word_1_35' title='bbox 1756 866 1957 918; x_wconf 82' lang='lat' dir='ltr'><strong>manu,</strong></span> <span class='ocrx_word' id='word_1_36' title='bbox 1978 866 2131 926; x_wconf 79' lang='lat' dir='ltr'><strong>quas</strong></span> <span class='ocrx_word' id='word_1_37' title='bbox 2164 846 2499 911; x_wconf 74' lang='lat' dir='ltr'><strong>abduxerat</strong></span> <span class='ocrx_word' id='word_1_38' title='bbox 2526 866 2565 905; x_wconf 83' lang='lat' dir='ltr'><strong>a</strong></span> <span class='ocrx_word' id='word_1_39' title='bbox 2586 848 2803 925; x_wconf 79' lang='lat' dir='ltr'><strong>repub-</strong></span> 
     </span>
     <span class='ocr_line' id='line_1_7' title="bbox 899 941 2797 1022; baseline -0.001 -19"><span class='ocrx_word' id='word_1_40' title='bbox 899 942 1046 1014; x_wconf 67' lang='lat' dir='ltr'><strong>lica,</strong></span> <span class='ocrx_word' id='word_1_41' title='bbox 1073 945 1352 1022; x_wconf 77' lang='lat' dir='ltr'><strong>legiones.</strong></span> <span class='ocrx_word' id='word_1_42' title='bbox 1426 943 1683 1005; x_wconf 73' lang='lat' dir='ltr'><strong>Occisus</strong></span> <span class='ocrx_word' id='word_1_43' title='bbox 1714 945 1893 1021; x_wconf 73' lang='lat' dir='ltr'><strong>igitur</strong></span> <span class='ocrx_word' id='word_1_44' title='bbox 1924 952 2017 1005; x_wconf 80' lang='lat' dir='ltr'><strong>est</strong></span> <span class='ocrx_word' id='word_1_45' title='bbox 2050 960 2371 1022; x_wconf 81' lang='lat' dir='ltr'><strong>paucorum</strong></span> <span class='ocrx_word' id='word_1_46' title='bbox 2410 941 2643 1019; x_wconf 81' lang='lat' dir='ltr'><strong>gladiis,</strong></span> <span class='ocrx_word' id='word_1_47' title='bbox 2666 962 2797 1001; x_wconf 82' lang='lat' dir='ltr'><strong>om·</strong></span> 
     </span>
     <span class='ocr_line' id='line_1_8' title="bbox 901 1038 2798 1119; baseline -0.001 -20"><span class='ocrx_word' id='word_1_48' title='bbox 901 1040 1066 1101; x_wconf 64' lang='lat' dir='ltr'><strong>idum</strong></span> <span class='ocrx_word' id='word_1_49' title='bbox 1112 1040 1440 1109; x_wconf 74' lang='lat' dir='ltr'><strong>voluntate,</strong></span> <span class='ocrx_word' id='word_1_50' title='bbox 1475 1060 1786 1111; x_wconf 80' lang='lat' dir='ltr'><strong>consensu,</strong></span> <span class='ocrx_word' id='word_1_51' title='bbox 1828 1040 2153 1119; x_wconf 75' lang='lat' dir='ltr'><strong>applausu:</strong></span> <span class='ocrx_word' id='word_1_52' title='bbox 2214 1058 2305 1097; x_wconf 83' lang='lat' dir='ltr'><strong>res</strong></span> <span class='ocrx_word' id='word_1_53' title='bbox 2342 1038 2499 1098; x_wconf 81' lang='lat' dir='ltr'><strong>enim</strong></span> <span class='ocrx_word' id='word_1_54' title='bbox 2542 1048 2798 1109; x_wconf 69' lang='lat' dir='ltr'><strong>sacrat,</strong></span> 
     </span>
     <span class='ocr_line' id='line_1_9' title="bbox 901 1138 2031 1218; baseline -0.001 -23"><span class='ocrx_word' id='word_1_55' title='bbox 901 1154 1042 1215; x_wconf 64' lang='lat' dir='ltr'><strong>qum</strong></span> <span class='ocrx_word' id='word_1_56' title='bbox 1077 1138 1294 1196; x_wconf 80' lang='lat' dir='ltr'><strong>nemini</strong></span> <span class='ocrx_word' id='word_1_57' title='bbox 1325 1138 1480 1196; x_wconf 88' lang='lat' dir='ltr'><strong>bono</strong></span> <span class='ocrx_word' id='word_1_58' title='bbox 1513 1156 1630 1196; x_wconf 87' lang='lat' dir='ltr'><strong>non</strong></span> <span class='ocrx_word' id='word_1_59' title='bbox 1672 1138 2031 1218; x_wconf 75' lang='lat' dir='ltr'><strong>probaretur.</strong></span> 
     </span>
    </p>

    <p class='ocr_par' dir='ltr' id='par_1_4' title="bbox 901 1228 2808 1985">
     <span class='ocr_line' id='line_1_10' title="bbox 992 1228 2801 1313; baseline -0.002 -22"><span class='ocrx_word' id='word_1_60' title='bbox 992 1240 1085 1296; x_wconf 74' lang='lat'><strong>17.</strong></span> <span class='ocrx_word' id='word_1_61' title='bbox 1123 1243 1140 1269; x_wconf 91' lang='lat'>‘</span> <span class='ocrx_word' id='word_1_62' title='bbox 1167 1234 1321 1293; x_wconf 80' lang='lat' dir='ltr'><strong>Inde</strong></span> <span class='ocrx_word' id='word_1_63' title='bbox 1372 1234 1575 1293; x_wconf 79' lang='lat' dir='ltr'><strong>stati-m</strong></span> <span class='ocrx_word' id='word_1_64' title='bbox 1625 1242 1688 1293; x_wconf 85' lang='lat' dir='ltr'><strong>et</strong></span> <span class='ocrx_word' id='word_1_65' title='bbox 1734 1232 1811 1293; x_wconf 89' lang='lat' dir='ltr'><strong>de</strong></span> <span class='ocrx_word' id='word_1_66' title='bbox 1856 1231 2110 1313; x_wconf 78' lang='lat' dir='ltr'><strong>proemiis</strong></span> <span class='ocrx_word' id='word_1_67' title='bbox 2150 1228 2649 1310; x_wconf 70' lang='lat' dir='ltr'><strong>tyrannicidarum</strong></span> <span class='ocrx_word' id='word_1_68' title='bbox 2702 1231 2801 1307; x_wconf 74' lang='lat' dir='ltr'><strong>agi</strong></span> 
     </span>
     <span class='ocr_line' id='line_1_11' title="bbox 901 1324 2803 1409; baseline -0.003 -20"><span class='ocrx_word' id='word_1_69' title='bbox 901 1338 1196 1408; x_wconf 82' lang='lat' dir='ltr'><strong>coeptum:</strong></span> <span class='ocrx_word' id='word_1_70' title='bbox 1267 1328 1419 1388; x_wconf 86' lang='lat' dir='ltr'><strong>adeo</strong></span> <span class='ocrx_word' id='word_1_71' title='bbox 1475 1328 1554 1387; x_wconf 89' lang='lat' dir='ltr'><strong>de</strong></span> <span class='ocrx_word' id='word_1_72' title='bbox 1604 1329 1953 1409; x_wconf 72' lang='lat' dir='ltr'><strong>impunitate</strong></span> <span class='ocrx_word' id='word_1_73' title='bbox 2000 1346 2117 1387; x_wconf 88' lang='lat' dir='ltr'><strong>non</strong></span> <span class='ocrx_word' id='word_1_74' title='bbox 2164 1326 2595 1403; x_wconf 69' lang='lat' dir='ltr'><strong>ambigebatur.</strong></span> <span class='ocrx_word' id='word_1_75' title='bbox 2678 1324 2803 1389; x_wconf 76' lang='lat' dir='ltr'><strong>Sed</strong></span> 
     </span>
     <span class='ocr_line' id='line_1_12' title="bbox 907 1420 2801 1504; baseline -0.002 -21"><span class='ocrx_word' id='word_1_76' title='bbox 907 1425 1274 1503; x_wconf 79' lang='lat' dir='ltr'><strong>praemiorum</strong></span> <span class='ocrx_word' id='word_1_77' title='bbox 1311 1444 1548 1504; x_wconf 84' lang='lat' dir='ltr'><strong>quoque</strong></span> <span class='ocrx_word' id='word_1_78' title='bbox 1579 1426 1774 1485; x_wconf 81' lang='lat' dir='ltr'><strong>omitti</strong></span> <span class='ocrx_word' id='word_1_79' title='bbox 1804 1424 2161 1485; x_wconf 75' lang='lat' dir='ltr'>mentionem</span> <span class='ocrx_word' id='word_1_80' title='bbox 2194 1420 2441 1501; x_wconf 72' lang='lat' dir='ltr'><strong>placuit,</strong></span> <span class='ocrx_word' id='word_1_81' title='bbox 2466 1420 2801 1481; x_wconf 63' lang='lat' dir='ltr'><strong>concordia</strong></span> 
     </span>
     <span class='ocr_line' id='line_1_13' title="bbox 905 1513 2803 1601; baseline 0.001 -22"><span class='ocrx_word' id='word_1_82' title='bbox 905 1540 1106 1590; x_wconf 81' lang='lat' dir='ltr'><strong>causa,</strong></span> <span class='ocrx_word' id='word_1_83' title='bbox 1133 1513 1478 1601; x_wconf 87' lang='lat' dir='ltr'><strong>mortuoque</strong></span> <span class='ocrx_word' id='word_1_84' title='bbox 1515 1522 1735 1581; x_wconf 79' lang='lat' dir='ltr'>remitti</span> <span class='ocrx_word' id='word_1_85' title='bbox 1772 1522 2173 1599; x_wconf 81' lang='lat' dir='ltr'><strong>ignominiam,</strong></span> <span class='ocrx_word' id='word_1_86' title='bbox 2201 1519 2621 1599; x_wconf 64' lang='lat' dir='ltr'><strong>preteritorum</strong></span> <span class='ocrx_word' id='word_1_87' title='bbox 2646 1516 2803 1580; x_wconf 86' lang='lat' dir='ltr'><strong>obli-</strong></span> 
     </span>
     <span class='ocr_line' id='line_1_14' title="bbox 905 1612 2808 1696; baseline -0.003 -21"><span class='ocrx_word' id='word_1_88' title='bbox 905 1618 1078 1675; x_wconf 74' lang='lat' dir='ltr'><strong>vione</strong></span> <span class='ocrx_word' id='word_1_89' title='bbox 1117 1620 1368 1685; x_wconf 82' lang='lat' dir='ltr'><strong>sancita,</strong></span> <span class='ocrx_word' id='word_1_90' title='bbox 1419 1618 1759 1696; x_wconf 73' lang='lat' dir='ltr'><strong>diser-teque</strong></span> <span class='ocrx_word' id='word_1_91' title='bbox 1804 1616 2087 1694; x_wconf 83' lang='lat' dir='ltr'><strong>adjuncto</strong></span> <span class='ocrx_word' id='word_1_92' title='bbox 2134 1634 2208 1674; x_wconf 88' lang='lat' dir='ltr'><strong>ne</strong></span> <span class='ocrx_word' id='word_1_93' title='bbox 2246 1614 2323 1673; x_wconf 84' lang='lat' dir='ltr'><strong>de</strong></span> <span class='ocrx_word' id='word_1_94' title='bbox 2362 1632 2507 1673; x_wconf 84' lang='lat' dir='ltr'><strong>nece</strong></span> <span class='ocrx_word' id='word_1_95' title='bbox 2550 1612 2808 1671; x_wconf 76' lang='lat' dir='ltr'><strong>Caesaris</strong></span> 
     </span>
     <span class='ocr_line' id='line_1_15' title="bbox 905 1710 2803 1793; baseline 0.001 -22"><span class='ocrx_word' id='word_1_96' title='bbox 905 1722 1219 1791; x_wconf 73' lang='lat' dir='ltr'><strong>quaeratur.</strong></span> <span class='ocrx_word' id='word_1_97' title='bbox 1297 1713 1418 1772; x_wconf 82' lang='lat' dir='ltr'><strong>Sed</strong></span> <span class='ocrx_word' id='word_1_98' title='bbox 1453 1722 1518 1773; x_wconf 87' lang='lat' dir='ltr'><strong>et</strong></span> <span class='ocrx_word' id='word_1_99' title='bbox 1553 1723 1779 1793; x_wconf 70' lang='lat' dir='ltr'><strong>postea,</strong></span> <span class='ocrx_word' id='word_1_100' title='bbox 1806 1732 1941 1772; x_wconf 87' lang='lat' dir='ltr'><strong>cum</strong></span> <span class='ocrx_word' id='word_1_101' title='bbox 1970 1712 2223 1771; x_wconf 80' lang='lat' dir='ltr'><strong>Antonii</strong></span> <span class='ocrx_word' id='word_1_102' title='bbox 2246 1710 2539 1771; x_wconf 79' lang='lat' dir='ltr'><strong>seditiosis</strong></span> <span class='ocrx_word' id='word_1_103' title='bbox 2564 1710 2803 1773; x_wconf 70' lang='grc' dir='ltr'><strong>οοιιοίοε·</strong></span> 
     </span>
     <span class='ocr_line' id='line_1_16' title="bbox 903 1805 2803 1889; baseline -0.003 -20"><span class='ocrx_word' id='word_1_104' title='bbox 903 1810 1080 1869; x_wconf 75' lang='lat' dir='ltr'><strong>nibus</strong></span> <span class='ocrx_word' id='word_1_105' title='bbox 1107 1818 1458 1889; x_wconf 81' lang='lat' dir='ltr'><strong>exasperata</strong></span> <span class='ocrx_word' id='word_1_106' title='bbox 1495 1818 1703 1870; x_wconf 83' lang='lat' dir='ltr'><strong>contra</strong></span> <span class='ocrx_word' id='word_1_107' title='bbox 1746 1829 1853 1869; x_wconf 87' lang='lat' dir='ltr'><strong>nos</strong></span> <span class='ocrx_word' id='word_1_108' title='bbox 1894 1828 2029 1887; x_wconf 83' lang='lat' dir='ltr'><strong>pars</strong></span> <span class='ocrx_word' id='word_1_109' title='bbox 2066 1806 2260 1887; x_wconf 85' lang='lat' dir='ltr'><strong>plebis</strong></span> <span class='ocrx_word' id='word_1_110' title='bbox 2302 1805 2631 1873; x_wconf 73' lang='lat' dir='ltr'><strong>videretur:</strong></span> <span class='ocrx_word' id='word_1_111' title='bbox 2676 1824 2803 1864; x_wconf 85' lang='lat' dir='ltr'><strong>am-</strong></span> 
     </span>
     <span class='ocr_line' id='line_1_17' title="bbox 907 1902 2805 1985; baseline -0.002 -21"><span class='ocrx_word' id='word_1_112' title='bbox 907 1906 1200 1985; x_wconf 73' lang='lat' dir='ltr'><strong>plissimas</strong></span> <span class='ocrx_word' id='word_1_113' title='bbox 1223 1906 1394 1965; x_wconf 82' lang='lat' dir='ltr'><strong>nobis</strong></span> <span class='ocrx_word' id='word_1_114' title='bbox 1425 1906 1755 1985; x_wconf 82' lang='lat' dir='ltr'><strong>provincias</strong></span> <span class='ocrx_word' id='word_1_115' title='bbox 1786 1914 2025 1964; x_wconf 82' lang='lat' dir='ltr'><strong>senatus</strong></span> <span class='ocrx_word' id='word_1_116' title='bbox 2056 1922 2193 1963; x_wconf 85' lang='lat' dir='ltr'><strong>cum</strong></span> <span class='ocrx_word' id='word_1_117' title='bbox 2225 1902 2495 1982; x_wconf 83' lang='lat' dir='ltr'><strong>imperio,</strong></span> <span class='ocrx_word' id='word_1_118' title='bbox 2516 1910 2805 1980; x_wconf 73' lang='lat' dir='ltr'><strong>tanquam</strong></span> 
     </span>
    </p>
   </div>
   <div class='ocr_carea' id='block_1_4' title="bbox 634 1998 2806 2103">
    <p class='ocr_par' dir='ltr' id='par_1_5' title="bbox 634 1998 2806 2103">
     <span class='ocr_line' id='line_1_18' title="bbox 634 1998 2806 2103; baseline -0.002 -44"><span class='ocrx_word' id='word_1_119' title='bbox 634 2069 699 2099; x_wconf 82' lang='lat' dir='ltr'><strong>nn</strong></span> <span class='ocrx_word' id='word_1_120' title='bbox 719 2024 734 2040; x_wconf 94' lang='lat'><strong>·</strong></span> <span class='ocrx_word' id='word_1_121' title='bbox 748 2007 849 2103; x_wconf 54' lang='lat'><strong>3?-</strong></span> <span class='ocrx_word' id='word_1_122' title='bbox 905 2001 1077 2060; x_wconf 88' lang='lat' dir='ltr'><strong>bonis</strong></span> <span class='ocrx_word' id='word_1_123' title='bbox 1101 2002 1263 2071; x_wconf 82' lang='lat' dir='ltr'><strong>viris,</strong></span> <span class='ocrx_word' id='word_1_124' title='bbox 1289 2010 1353 2060; x_wconf 84' lang='lat' dir='ltr'><strong>et</strong></span> <span class='ocrx_word' id='word_1_125' title='bbox 1377 2002 1707 2061; x_wconf 84' lang='lat' dir='ltr'><strong>amantibus</strong></span> <span class='ocrx_word' id='word_1_126' title='bbox 1732 2000 1961 2081; x_wconf 69' lang='lat' dir='ltr'><strong>patriae,</strong></span> <span class='ocrx_word' id='word_1_127' title='bbox 1988 2018 2107 2059; x_wconf 79' lang='lat' dir='ltr'><strong>non</strong></span> <span class='ocrx_word' id='word_1_128' title='bbox 2126 2008 2285 2059; x_wconf 82' lang='lat' dir='ltr'><strong>certe</strong></span> <span class='ocrx_word' id='word_1_129' title='bbox 2310 2006 2595 2075; x_wconf 84' lang='lat' dir='ltr'><strong>tanquam</strong></span> <span class='ocrx_word' id='word_1_130' title='bbox 2618 1998 2806 2075; x_wconf 85' lang='lat' dir='ltr'><strong>parri-</strong></span> 
     </span>
    </p>
   </div>
   <div class='ocr_carea' id='block_1_5' title="bbox 903 2091 2814 3121">
    <p class='ocr_par' dir='ltr' id='par_1_6' title="bbox 903 2091 2808 2359">
     <span class='ocr_line' id='line_1_19' title="bbox 905 2091 2807 2176; baseline -0.002 -22"><span class='ocrx_word' id='word_1_131' title='bbox 905 2096 1057 2155; x_wconf 80' lang='lat' dir='ltr'><strong>cidis</strong></span> <span class='ocrx_word' id='word_1_132' title='bbox 1079 2104 1141 2155; x_wconf 86' lang='lat' dir='ltr'><strong>et</strong></span> <span class='ocrx_word' id='word_1_133' title='bbox 1165 2096 1513 2167; x_wconf 78' lang='lat' dir='ltr'><strong>latronibus,</strong></span> <span class='ocrx_word' id='word_1_134' title='bbox 1540 2116 1677 2176; x_wconf 78' lang='lat' dir='ltr'><strong>quae</strong></span> <span class='ocrx_word' id='word_1_135' title='bbox 1702 2115 1861 2155; x_wconf 85' lang='lat' dir='ltr'><strong>nunc</strong></span> <span class='ocrx_word' id='word_1_136' title='bbox 1882 2094 2178 2155; x_wconf 82' lang='lat' dir='ltr'><strong>vocabula</strong></span> <span class='ocrx_word' id='word_1_137' title='bbox 2200 2094 2603 2173; x_wconf 79' lang='lat' dir='ltr'><strong>imponuntur,</strong></span> <span class='ocrx_word' id='word_1_138' title='bbox 2618 2091 2807 2151; x_wconf 82' lang='lat' dir='ltr'><strong>dedit.</strong></span> 
     </span>
     <span class='ocr_line' id='line_1_20' title="bbox 905 2188 2808 2272; baseline -0.003 -22"><span class='ocrx_word' id='word_1_139' title='bbox 905 2191 1258 2271; x_wconf 75' lang='lat' dir='ltr'><strong>Eademque</strong></span> <span class='ocrx_word' id='word_1_140' title='bbox 1273 2192 1548 2272; x_wconf 76' lang='lat' dir='ltr'><strong>deinceps</strong></span> <span class='ocrx_word' id='word_1_141' title='bbox 1567 2192 1795 2253; x_wconf 83' lang='lat' dir='ltr'><strong>senatui</strong></span> <span class='ocrx_word' id='word_1_142' title='bbox 1816 2190 2126 2261; x_wconf 83' lang='lat' dir='ltr'><strong>sententia,</strong></span> <span class='ocrx_word' id='word_1_143' title='bbox 2144 2188 2335 2249; x_wconf 83' lang='lat' dir='ltr'><strong>donec</strong></span> <span class='ocrx_word' id='word_1_144' title='bbox 2360 2188 2605 2249; x_wconf 81' lang='lat' dir='ltr'><strong>libertas</strong></span> <span class='ocrx_word' id='word_1_145' title='bbox 2626 2196 2808 2266; x_wconf 84' lang='lat' dir='ltr'><strong>atque</strong></span> 
     </span>
     <span class='ocr_line' id='line_1_21' title="bbox 903 2286 1557 2359; baseline 0.003 -14"><span class='ocrx_word' id='word_1_146' title='bbox 903 2286 1300 2359; x_wconf 69' lang='lat' dir='ltr'><strong>incolumitas,</strong></span> <span class='ocrx_word' id='word_1_147' title='bbox 1325 2288 1557 2347; x_wconf 80' lang='lat' dir='ltr'><strong>mansit.</strong></span> 
     </span>
    </p>

    <p class='ocr_par' dir='ltr' id='par_1_7' title="bbox 905 2379 2814 3121">
     <span class='ocr_line' id='line_1_22' title="bbox 987 2379 2809 2461; baseline -0.002 -20"><span class='ocrx_word' id='word_1_148' title='bbox 987 2388 1088 2442; x_wconf 83' lang='grc'><strong>18.</strong></span> <span class='ocrx_word' id='word_1_149' title='bbox 1133 2391 1150 2417; x_wconf 82' lang='lat'><em>⁶</em></span> <span class='ocrx_word' id='word_1_150' title='bbox 1177 2380 1346 2443; x_wconf 80' lang='lat' dir='ltr'><strong>Nam</strong></span> <span class='ocrx_word' id='word_1_151' title='bbox 1369 2404 1504 2461; x_wconf 77' lang='lat' dir='ltr'><strong>quae</strong></span> <span class='ocrx_word' id='word_1_152' title='bbox 1537 2383 1617 2441; x_wconf 86' lang='lat' dir='ltr'><strong>sit</strong></span> <span class='ocrx_word' id='word_1_153' title='bbox 1646 2384 1777 2459; x_wconf 82' lang='lat' dir='ltr'><strong>ejus</strong></span> <span class='ocrx_word' id='word_1_154' title='bbox 1810 2380 1987 2441; x_wconf 86' lang='lat' dir='ltr'><strong>hodie</strong></span> <span class='ocrx_word' id='word_1_155' title='bbox 2018 2380 2281 2453; x_wconf 80' lang='lat' dir='ltr'><strong>fortuna,</strong></span> <span class='ocrx_word' id='word_1_156' title='bbox 2306 2380 2447 2458; x_wconf 82' lang='lat' dir='ltr'><strong>quis</strong></span> <span class='ocrx_word' id='word_1_157' title='bbox 2464 2380 2589 2439; x_wconf 80' lang='lat' dir='ltr'><strong>sine</strong></span> <span class='ocrx_word' id='word_1_158' title='bbox 2610 2379 2809 2461; x_wconf 71' lang='lat' dir='ltr'><strong>lacry-</strong></span> 
     </span>
     <span class='ocr_line' id='line_1_23' title="bbox 907 2476 2810 2556; baseline 0.002 -21"><span class='ocrx_word' id='word_1_159' title='bbox 907 2479 1020 2535; x_wconf 86' lang='lat' dir='ltr'><strong>mis</strong></span> <span class='ocrx_word' id='word_1_160' title='bbox 1041 2480 1498 2537; x_wconf 73' lang='lat' dir='ltr'><strong>commemoret?</strong></span> <span class='ocrx_word' id='word_1_161' title='bbox 1543 2478 1637 2535; x_wconf 89' lang='lat' dir='ltr'><strong>Ut</strong></span> <span class='ocrx_word' id='word_1_162' title='bbox 1660 2478 1875 2554; x_wconf 86' lang='lat' dir='ltr'><strong>cuique</strong></span> <span class='ocrx_word' id='word_1_163' title='bbox 1914 2476 2231 2556; x_wconf 88' lang='lat' dir='ltr'><strong>plurimum</strong></span> <span class='ocrx_word' id='word_1_164' title='bbox 2260 2477 2494 2537; x_wconf 82' lang='lat' dir='ltr'><strong>virtutis</strong></span> <span class='ocrx_word' id='word_1_165' title='bbox 2518 2486 2693 2555; x_wconf 84' lang='lat' dir='ltr'><strong>atque</strong></span> <span class='ocrx_word' id='word_1_166' title='bbox 2720 2477 2810 2539; x_wconf 68' lang='lat' dir='ltr'><strong>iuz-</strong></span> 
     </span>
     <span class='ocr_line' id='line_1_24' title="bbox 905 2570 2814 2652; baseline 0 -21"><span class='ocrx_word' id='word_1_167' title='bbox 905 2574 1198 2651; x_wconf 80' lang='lat' dir='ltr'><strong>tcgritatis</strong></span> <span class='ocrx_word' id='word_1_168' title='bbox 1232 2572 1400 2643; x_wconf 85' lang='lat' dir='ltr'><strong>inest,</strong></span> <span class='ocrx_word' id='word_1_169' title='bbox 1441 2574 1524 2632; x_wconf 74' lang='lat' dir='ltr'><strong>ita</strong></span> <span class='ocrx_word' id='word_1_170' title='bbox 1563 2570 1939 2652; x_wconf 77' lang='lat' dir='ltr'><strong>cupidissime</strong></span> <span class='ocrx_word' id='word_1_171' title='bbox 1982 2573 2444 2652; x_wconf 81' lang='lat' dir='ltr'><strong>proscribuntur,</strong></span> <span class='ocrx_word' id='word_1_172' title='bbox 2484 2572 2814 2651; x_wconf 83' lang='lat' dir='ltr'><strong>spoliantur</strong></span> 
     </span>
     <span class='ocr_line' id='line_1_25' title="bbox 907 2668 2813 2748; baseline 0 -22"><span class='ocrx_word' id='word_1_173' title='bbox 907 2668 1240 2737; x_wconf 76' lang='lat' dir='ltr'><strong>bonoribuS,</strong></span> <span class='ocrx_word' id='word_1_174' title='bbox 1277 2669 1653 2748; x_wconf 83' lang='lat' dir='ltr'><strong>patrimonio,</strong></span> <span class='ocrx_word' id='word_1_175' title='bbox 1694 2670 1839 2729; x_wconf 73' lang='lat' dir='ltr'><strong>vita.</strong></span> <span class='ocrx_word' id='word_1_176' title='bbox 1926 2668 2297 2728; x_wconf 79' lang='lat' dir='ltr'><strong>Occiduntur</strong></span> <span class='ocrx_word' id='word_1_177' title='bbox 2338 2669 2401 2727; x_wconf 87' lang='lat' dir='ltr'><strong>in</strong></span> <span class='ocrx_word' id='word_1_178' title='bbox 2428 2668 2723 2737; x_wconf 83' lang='lat' dir='ltr'><strong>dom-ibus,</strong></span> <span class='ocrx_word' id='word_1_179' title='bbox 2750 2670 2813 2726; x_wconf 83' lang='lat' dir='ltr'><strong>in</strong></span> 
     </span>
     <span class='ocr_line' id='line_1_26' title="bbox 907 2763 2813 2844; baseline 0 -21"><span class='ocrx_word' id='word_1_180' title='bbox 907 2763 1076 2834; x_wconf 76' lang='lat' dir='ltr'><strong>vicis,</strong></span> <span class='ocrx_word' id='word_1_181' title='bbox 1105 2764 1162 2822; x_wconf 84' lang='lat' dir='ltr'><strong>in</strong></span> <span class='ocrx_word' id='word_1_182' title='bbox 1191 2764 1448 2844; x_wconf 83' lang='lat' dir='ltr'><strong>templis,</strong></span> <span class='ocrx_word' id='word_1_183' title='bbox 1475 2766 1536 2823; x_wconf 88' lang='lat' dir='ltr'><strong>in</strong></span> <span class='ocrx_word' id='word_1_184' title='bbox 1557 2763 1711 2835; x_wconf 83' lang='lat' dir='ltr'><strong>foro,</strong></span> <span class='ocrx_word' id='word_1_185' title='bbox 1730 2765 1789 2822; x_wconf 88' lang='lat' dir='ltr'><strong>in</strong></span> <span class='ocrx_word' id='word_1_186' title='bbox 1816 2765 1980 2823; x_wconf 81' lang='lat' dir='ltr'><strong>curia</strong></span> <span class='ocrx_word' id='word_1_187' title='bbox 2005 2784 2021 2823; x_wconf 68' lang='grc' dir='ltr'><em>ε</em></span> <span class='ocrx_word' id='word_1_188' title='bbox 2049 2772 2135 2834; x_wconf 81' lang='lat' dir='ltr'><strong>et,</strong></span> <span class='ocrx_word' id='word_1_189' title='bbox 2151 2784 2274 2843; x_wconf 87' lang='lat' dir='ltr'><strong>quo</strong></span> <span class='ocrx_word' id='word_1_190' title='bbox 2299 2763 2445 2822; x_wconf 83' lang='lat' dir='ltr'><strong>nibil</strong></span> <span class='ocrx_word' id='word_1_191' title='bbox 2470 2772 2665 2843; x_wconf 70' lang='lat' dir='ltr'><strong>potest</strong></span> <span class='ocrx_word' id='word_1_192' title='bbox 2686 2782 2813 2823; x_wconf 73' lang='lat' dir='ltr'><strong>asse</strong></span> 
     </span>
     <span class='ocr_line' id='line_1_27' title="bbox 905 2858 2814 2931; baseline 0 -14"><span class='ocrx_word' id='word_1_193' title='bbox 905 2859 1150 2931; x_wconf 80' lang='lat' dir='ltr'><strong>tristius,</strong></span> <span class='ocrx_word' id='word_1_194' title='bbox 1197 2880 1232 2919; x_wconf 88' lang='lat' dir='ltr'><strong>e</strong></span> <span class='ocrx_word' id='word_1_195' title='bbox 1261 2860 1501 2919; x_wconf 83' lang='lat' dir='ltr'><strong>latebris</strong></span> <span class='ocrx_word' id='word_1_196' title='bbox 1525 2868 1828 2929; x_wconf 82' lang='lat' dir='ltr'><strong>eruuntur,</strong></span> <span class='ocrx_word' id='word_1_197' title='bbox 1856 2879 1893 2918; x_wconf 91' lang='lat' dir='ltr'><strong>a</strong></span> <span class='ocrx_word' id='word_1_198' title='bbox 1920 2858 2164 2928; x_wconf 76' lang='lat' dir='ltr'><strong>libertis,</strong></span> <span class='ocrx_word' id='word_1_199' title='bbox 2194 2878 2233 2917; x_wconf 86' lang='lat' dir='ltr'><strong>a</strong></span> <span class='ocrx_word' id='word_1_200' title='bbox 2256 2858 2479 2928; x_wconf 71' lang='lat' dir='ltr'><strong>liberis,</strong></span> <span class='ocrx_word' id='word_1_201' title='bbox 2508 2858 2587 2917; x_wconf 84' lang='lat' dir='ltr'><strong>ab</strong></span> <span class='ocrx_word' id='word_1_202' title='bbox 2610 2858 2814 2917; x_wconf 82' lang='lat' dir='ltr'><strong>uxori·-</strong></span> 
     </span>
     <span class='ocr_line' id='line_1_28' title="bbox 907 2951 2812 3033; baseline 0.002 -20"><span class='ocrx_word' id='word_1_203' title='bbox 907 2955 1018 3013; x_wconf 88' lang='lat' dir='ltr'><strong>bus</strong></span> <span class='ocrx_word' id='word_1_204' title='bbox 1057 2954 1293 3033; x_wconf 84' lang='lat' dir='ltr'><strong>proditi.</strong></span> <span class='ocrx_word' id='word_1_205' title='bbox 1375 2954 1572 3014; x_wconf 86' lang='lat' dir='ltr'><strong>Tanta</strong></span> <span class='ocrx_word' id='word_1_206' title='bbox 1608 2955 1882 3014; x_wconf 82' lang='lat' dir='ltr'><strong>nimirum</strong></span> <span class='ocrx_word' id='word_1_207' title='bbox 1900 2956 2005 3014; x_wconf 73' lang='lat' dir='ltr'><strong>¹vis</strong></span> <span class='ocrx_word' id='word_1_208' title='bbox 2034 2951 2319 3013; x_wconf 85' lang='lat' dir='ltr'><strong>scelerum</strong></span> <span class='ocrx_word' id='word_1_209' title='bbox 2358 2952 2572 3013; x_wconf 74' lang='lat' dir='ltr'><strong>edictis</strong></span> <span class='ocrx_word' id='word_1_210' title='bbox 2604 2954 2812 3017; x_wconf 75' lang='lat' dir='ltr'><strong>horum</strong></span> 
     </span>
     <span class='ocr_line' id='line_1_29' title="bbox 907 3049 2813 3121; baseline 0.002 -14"><span class='ocrx_word' id='word_1_211' title='bbox 907 3051 1338 3109; x_wconf 77' lang='lat' dir='ltr'><strong>triumvirorum</strong></span> <span class='ocrx_word' id='word_1_212' title='bbox 1377 3050 1548 3121; x_wconf 84' lang='lat' dir='ltr'><strong>inest,</strong></span> <span class='ocrx_word' id='word_1_213' title='bbox 1587 3058 1651 3109; x_wconf 84' lang='lat' dir='ltr'><strong>ut</strong></span> <span class='ocrx_word' id='word_1_214' title='bbox 1686 3051 1777 3109; x_wconf 85' lang='lat' dir='ltr'><strong>his</strong></span> <span class='ocrx_word' id='word_1_215' title='bbox 1814 3070 1931 3110; x_wconf 87' lang='lat' dir='ltr'><strong>non</strong></span> <span class='ocrx_word' id='word_1_216' title='bbox 1958 3049 2133 3109; x_wconf 87' lang='lat' dir='ltr'><strong>modo</strong></span> <span class='ocrx_word' id='word_1_217' title='bbox 2174 3058 2362 3109; x_wconf 82' lang='lat' dir='ltr'><strong>status</strong></span> <span class='ocrx_word' id='word_1_218' title='bbox 2386 3051 2667 3121; x_wconf 79' lang='lat' dir='ltr'><strong>civitatis,</strong></span> <span class='ocrx_word' id='word_1_219' title='bbox 2708 3050 2813 3110; x_wconf 80' lang='lat' dir='ltr'><strong>sod</strong></span> 
     </span>
    </p>
   </div>
   <div class='ocr_carea' id='block_1_6' title="bbox 803 3144 2812 3227">
    <p class='ocr_par' dir='ltr' id='par_1_8' title="bbox 803 3144 2812 3227">
     <span class='ocr_line' id='line_1_30' title="bbox 803 3144 2812 3227; baseline 0.002 -26"><span class='ocrx_word' id='word_1_220' title='bbox 803 3198 808 3201; x_wconf 87' lang='lat'>.</span> <span class='ocrx_word' id='word_1_221' title='bbox 907 3146 1088 3204; x_wconf 86' lang='lat' dir='ltr'><strong>etiam</strong></span> <span class='ocrx_word' id='word_1_222' title='bbox 1125 3166 1316 3205; x_wconf 84' lang='lat' dir='ltr'><strong>mores</strong></span> <span class='ocrx_word' id='word_1_223' title='bbox 1352 3147 1601 3227; x_wconf 87' lang='lat' dir='ltr'><strong>publici,</strong></span> <span class='ocrx_word' id='word_1_224' title='bbox 1635 3156 1697 3205; x_wconf 85' lang='lat' dir='ltr'><strong>et</strong></span> <span class='ocrx_word' id='word_1_225' title='bbox 1720 3144 1812 3205; x_wconf 85' lang='lat' dir='ltr'><strong>fas</strong></span> <span class='ocrx_word' id='word_1_226' title='bbox 1838 3145 2121 3222; x_wconf 73' lang='lat' dir='ltr'><strong>gentium,</strong></span> <span class='ocrx_word' id='word_1_227' title='bbox 2160 3154 2225 3204; x_wconf 85' lang='lat' dir='ltr'><strong>et</strong></span> <span class='ocrx_word' id='word_1_228' title='bbox 2260 3154 2492 3205; x_wconf 84' lang='lat' dir='ltr'><strong>naturae·</strong></span> <span class='ocrx_word' id='word_1_229' title='bbox 2503 3148 2649 3225; x_wconf 85' lang='lat' dir='ltr'><strong>jura</strong></span> <span class='ocrx_word' id='word_1_230' title='bbox 2674 3166 2812 3205; x_wconf 87' lang='lat' dir='ltr'><strong>con-</strong></span> 
     </span>
    </p>
   </div>
   <div class='ocr_carea' id='block_1_7' title="bbox 908 3240 2818 3798">
    <p class='ocr_par' dir='ltr' id='par_1_9' title="bbox 908 3240 2818 3798">
     <span class='ocr_line' id='line_1_31' title="bbox 908 3240 2816 3322; baseline 0.002 -23"><span class='ocrx_word' id='word_1_231' title='bbox 908 3240 1220 3302; x_wconf 81' lang='lat' dir='ltr'><strong>vellantur.</strong></span> <span class='ocrx_word' id='word_1_232' title='bbox 1309 3242 1540 3302; x_wconf 87' lang='lat' dir='ltr'><strong>Urbem</strong></span> <span class='ocrx_word' id='word_1_233' title='bbox 1579 3242 1841 3301; x_wconf 85' lang='lat' dir='ltr'><strong>Romam</strong></span> <span class='ocrx_word' id='word_1_234' title='bbox 1873 3261 1910 3300; x_wconf 86' lang='lat' dir='ltr'><strong>a</strong></span> <span class='ocrx_word' id='word_1_235' title='bbox 1946 3240 2151 3299; x_wconf 85' lang='lat' dir='ltr'><strong>Gallis</strong></span> <span class='ocrx_word' id='word_1_236' title='bbox 2188 3260 2313 3300; x_wconf 84' lang='lat' dir='ltr'><strong>csse</strong></span> <span class='ocrx_word' id='word_1_237' title='bbox 2350 3252 2612 3322; x_wconf 86' lang='lat' dir='ltr'><strong>captam,</strong></span> <span class='ocrx_word' id='word_1_238' title='bbox 2646 3252 2816 3304; x_wconf 75' lang='lat' dir='ltr'><strong>vetus</strong></span> 
     </span>
     <span class='ocr_line' id='line_1_32' title="bbox 911 3336 2817 3416; baseline 0.002 -22"><span class='ocrx_word' id='word_1_239' title='bbox 911 3338 1195 3396; x_wconf 85' lang='lat' dir='ltr'><strong>memoria</strong></span> <span class='ocrx_word' id='word_1_240' title='bbox 1222 3336 1481 3415; x_wconf 82' lang='lat' dir='ltr'><strong>prodidit</strong></span> <span class='ocrx_word' id='word_1_241' title='bbox 1508 3358 1525 3405; x_wconf 89' lang='grc'><strong>;</strong></span> <span class='ocrx_word' id='word_1_242' title='bbox 1573 3337 1699 3396; x_wconf 81' lang='lat' dir='ltr'><strong>fera</strong></span> <span class='ocrx_word' id='word_1_243' title='bbox 1726 3344 1903 3414; x_wconf 79' lang='lat' dir='ltr'><strong>gente</strong></span> <span class='ocrx_word' id='word_1_244' title='bbox 1930 3345 1990 3394; x_wconf 86' lang='lat' dir='ltr'><strong>et</strong></span> <span class='ocrx_word' id='word_1_245' title='bbox 2014 3354 2246 3414; x_wconf 85' lang='lat' dir='ltr'><strong>aspera,</strong></span> <span class='ocrx_word' id='word_1_246' title='bbox 2272 3338 2404 3415; x_wconf 84' lang='lat' dir='ltr'><strong>quis</strong></span> <span class='ocrx_word' id='word_1_247' title='bbox 2417 3339 2649 3416; x_wconf 73' lang='lat' dir='ltr'><strong>neget?</strong></span> <span class='ocrx_word' id='word_1_248' title='bbox 2692 3338 2817 3397; x_wconf 82' lang='lat' dir='ltr'><strong>Sed</strong></span> 
     </span>
     <span class='ocr_line' id='line_1_33' title="bbox 911 3429 2815 3513; baseline 0.002 -24"><span class='ocrx_word' id='word_1_249' title='bbox 911 3438 1032 3489; x_wconf 84' lang='lat' dir='ltr'><strong>tam</strong></span> <span class='ocrx_word' id='word_1_250' title='bbox 1059 3430 1297 3489; x_wconf 80' lang='lat' dir='ltr'><strong>crudele</strong></span> <span class='ocrx_word' id='word_1_251' title='bbox 1323 3440 1719 3511; x_wconf 82' lang='lat' dir='ltr'><strong>perpetratum</strong></span> <span class='ocrx_word' id='word_1_252' title='bbox 1748 3432 1826 3490; x_wconf 91' lang='lat' dir='ltr'><strong>ab</strong></span> <span class='ocrx_word' id='word_1_253' title='bbox 1862 3432 1953 3491; x_wconf 89' lang='lat' dir='ltr'><strong>his</strong></span> <span class='ocrx_word' id='word_1_254' title='bbox 1993 3429 2137 3489; x_wconf 83' lang='lat' dir='ltr'><strong>nihil</strong></span> <span class='ocrx_word' id='word_1_255' title='bbox 2162 3440 2275 3500; x_wconf 88' lang='lat' dir='ltr'><strong>est,</strong></span> <span class='ocrx_word' id='word_1_256' title='bbox 2312 3432 2473 3511; x_wconf 90' lang='lat' dir='ltr'><strong>quod</strong></span> <span class='ocrx_word' id='word_1_257' title='bbox 2506 3452 2643 3491; x_wconf 83' lang='lat' dir='ltr'><strong>cum</strong></span> <span class='ocrx_word' id='word_1_258' title='bbox 2662 3452 2815 3513; x_wconf 79' lang='lat' dir='ltr'><strong>proe·</strong></span> 
     </span>
     <span class='ocr_line' id='line_1_34' title="bbox 908 3526 2815 3606; baseline 0.002 -21"><span class='ocrx_word' id='word_1_259' title='bbox 908 3528 1172 3587; x_wconf 76' lang='lat' dir='ltr'><strong>sentibus</strong></span> <span class='ocrx_word' id='word_1_260' title='bbox 1195 3526 1503 3598; x_wconf 85' lang='lat' dir='ltr'><strong>collatum,</strong></span> <span class='ocrx_word' id='word_1_261' title='bbox 1537 3546 1655 3587; x_wconf 87' lang='lat' dir='ltr'><strong>non</strong></span> <span class='ocrx_word' id='word_1_262' title='bbox 1704 3528 1889 3606; x_wconf 84' lang='lat' dir='ltr'><strong>possit</strong></span> <span class='ocrx_word' id='word_1_263' title='bbox 1926 3546 2086 3587; x_wconf 87' lang='lat' dir='ltr'><strong>mera</strong></span> <span class='ocrx_word' id='word_1_264' title='bbox 2120 3528 2518 3595; x_wconf 79' lang='lat' dir='ltr'><strong>misericordia</strong></span> <span class='ocrx_word' id='word_1_265' title='bbox 2546 3539 2609 3589; x_wconf 82' lang='lat' dir='ltr'><strong>et</strong></span> <span class='ocrx_word' id='word_1_266' title='bbox 2648 3548 2815 3589; x_wconf 85' lang='lat' dir='ltr'><strong>man-</strong></span> 
     </span>
     <span class='ocr_line' id='line_1_35' title="bbox 909 3621 2818 3703; baseline 0.003 -24"><span class='ocrx_word' id='word_1_267' title='bbox 909 3622 1158 3680; x_wconf 85' lang='lat' dir='ltr'><strong>suetudo</strong></span> <span class='ocrx_word' id='word_1_268' title='bbox 1201 3622 1411 3681; x_wconf 82' lang='lat' dir='ltr'><strong>videri.</strong></span> <span class='ocrx_word' id='word_1_269' title='bbox 1492 3621 1879 3701; x_wconf 78' lang='lat' dir='ltr'><strong>Tarquinium</strong></span> <span class='ocrx_word' id='word_1_270' title='bbox 1920 3623 2007 3681; x_wconf 77' lang='lat' dir='ltr'><strong>ita</strong></span> <span class='ocrx_word' id='word_1_271' title='bbox 2046 3622 2295 3693; x_wconf 85' lang='lat' dir='ltr'><strong>odimus,</strong></span> <span class='ocrx_word' id='word_1_272' title='bbox 2344 3631 2411 3683; x_wconf 89' lang='lat' dir='ltr'><strong>ut</strong></span> <span class='ocrx_word' id='word_1_273' title='bbox 2450 3623 2589 3683; x_wconf 83' lang='lat' dir='ltr'><strong>inde</strong></span> <span class='ocrx_word' id='word_1_274' title='bbox 2620 3644 2818 3703; x_wconf 76' lang='lat' dir='ltr'><strong>regem</strong></span> 
     </span>
     <span class='ocr_line' id='line_1_36' title="bbox 911 3717 2817 3798; baseline 0.002 -21"><span class='ocrx_word' id='word_1_275' title='bbox 911 3717 1200 3797; x_wconf 80' lang='lat' dir='ltr'><strong>appellari</strong></span> <span class='ocrx_word' id='word_1_276' title='bbox 1243 3717 1625 3777; x_wconf 88' lang='lat' dir='ltr'><strong>maledictum</strong></span> <span class='ocrx_word' id='word_1_277' title='bbox 1666 3719 1953 3777; x_wconf 79' lang='lat' dir='ltr'><strong>habeatur</strong></span> <span class='ocrx_word' id='word_1_278' title='bbox 1998 3718 2171 3795; x_wconf 82' lang='lat' dir='ltr'><strong>longe</strong></span> <span class='ocrx_word' id='word_1_279' title='bbox 2219 3720 2473 3798; x_wconf 85' lang='lat' dir='ltr'><strong>quidem·</strong></span> <span class='ocrx_word' id='word_1_280' title='bbox 2508 3722 2817 3781; x_wconf 81' lang='lat' dir='ltr'><strong>acerbissi-</strong></span> 
     </span>
    </p>
   </div>
   <div class='ocr_carea' id='block_1_8' title="bbox 893 3810 2818 3895">
    <p class='ocr_par' dir='ltr' id='par_1_10' title="bbox 893 3810 2818 3895">
     <span class='ocr_line' id='line_1_37' title="bbox 893 3810 2818 3895; baseline 0.002 -23"><span class='ocrx_word' id='word_1_281' title='bbox 893 3832 1092 3895; x_wconf 81' lang='lat' dir='ltr'><strong>mum.</strong></span> <span class='ocrx_word' id='word_1_282' title='bbox 1177 3810 1300 3872; x_wconf 85' lang='lat' dir='ltr'><strong>Sed</strong></span> <span class='ocrx_word' id='word_1_283' title='bbox 1347 3812 1492 3892; x_wconf 86' lang='lat' dir='ltr'><strong>quid</strong></span> <span class='ocrx_word' id='word_1_284' title='bbox 1538 3812 1657 3873; x_wconf 78' lang='lat' dir='ltr'><strong>tale</strong></span> <span class='ocrx_word' id='word_1_285' title='bbox 1690 3812 2022 3891; x_wconf 77' lang='lat' dir='ltr'><strong>designavit</strong></span> <span class='ocrx_word' id='word_1_286' title='bbox 2044 3813 2453 3893; x_wconf 74' lang='lat' dir='ltr'><strong>Tarquinius?</strong></span> <span class='ocrx_word' id='word_1_287' title='bbox 2498 3816 2699 3883; x_wconf 72' lang='lat' dir='ltr'><strong>Quem</strong></span> <span class='ocrx_word' id='word_1_288' title='bbox 2744 3836 2818 3875; x_wconf 83' lang='lat' dir='ltr'><strong>ne</strong></span> 
     </span>
    </p>
   </div>
   <div class='ocr_carea' id='block_1_9' title="bbox 909 3907 2820 4280">
    <p class='ocr_par' dir='ltr' id='par_1_11' title="bbox 909 3907 2820 4280">
     <span class='ocr_line' id='line_1_38' title="bbox 909 3907 2820 3991; baseline 0.002 -24"><span class='ocrx_word' id='word_1_289' title='bbox 909 3910 988 3967; x_wconf 91' lang='lat' dir='ltr'><strong>ob</strong></span> <span class='ocrx_word' id='word_1_290' title='bbox 1033 3926 1200 3967; x_wconf 86' lang='lat' dir='ltr'><strong>suum</strong></span> <span class='ocrx_word' id='word_1_291' title='bbox 1241 3908 1506 3989; x_wconf 85' lang='lat' dir='ltr'><strong>quidem,</strong></span> <span class='ocrx_word' id='word_1_292' title='bbox 1553 3909 1659 3968; x_wconf 84' lang='lat' dir='ltr'><strong>scd</strong></span> <span class='ocrx_word' id='word_1_293' title='bbox 1704 3907 1813 3967; x_wconf 82' lang='lat' dir='ltr'><strong>filii</strong></span> <span class='ocrx_word' id='word_1_294' title='bbox 1858 3908 2139 3968; x_wconf 82' lang='lat' dir='ltr'><strong>delictum</strong></span> <span class='ocrx_word' id='word_1_295' title='bbox 2180 3910 2537 3991; x_wconf 78' lang='lat' dir='ltr'><strong>expulerunt</strong></span> <span class='ocrx_word' id='word_1_296' title='bbox 2561 3914 2820 3989; x_wconf 82' lang='lat' dir='ltr'><strong>majores</strong></span> 
     </span>
     <span class='ocr_line' id='line_1_39' title="bbox 912 4005 2817 4086; baseline 0.004 -24"><span class='ocrx_word' id='word_1_297' title='bbox 912 4006 1115 4075; x_wconf 81' lang='lat' dir='ltr'><strong>nostri,</strong></span> <span class='ocrx_word' id='word_1_298' title='bbox 1135 4005 1310 4063; x_wconf 84' lang='lat' dir='ltr'><strong>simul</strong></span> <span class='ocrx_word' id='word_1_299' title='bbox 1339 4006 1398 4063; x_wconf 90' lang='lat' dir='ltr'><strong>in</strong></span> <span class='ocrx_word' id='word_1_300' title='bbox 1427 4014 1769 4086; x_wconf 85' lang='lat' dir='ltr'><strong>perpetuum</strong></span> <span class='ocrx_word' id='word_1_301' title='bbox 1796 4005 2035 4065; x_wconf 80' lang='lat' dir='ltr'><strong>sublata</strong></span> <span class='ocrx_word' id='word_1_302' title='bbox 2074 4026 2275 4085; x_wconf 76' lang='lat' dir='ltr'><strong>regum</strong></span> <span class='ocrx_word' id='word_1_303' title='bbox 2310 4016 2603 4086; x_wconf 74' lang='lat' dir='ltr'><strong>potestate</strong></span> <span class='ocrx_word' id='word_1_304' title='bbox 2626 4018 2690 4068; x_wconf 83' lang='lat' dir='ltr'><strong>et</strong></span> <span class='ocrx_word' id='word_1_305' title='bbox 2710 4028 2817 4070; x_wconf 80' lang='lat' dir='ltr'><strong>no-</strong></span> 
     </span>
     <span class='ocr_line' id='line_1_40' title="bbox 913 4098 2817 4181; baseline 0.004 -24"><span class='ocrx_word' id='word_1_306' title='bbox 913 4100 1086 4159; x_wconf 81' lang='lat' dir='ltr'><strong>mina.</strong></span> <span class='ocrx_word' id='word_1_307' title='bbox 1171 4098 1265 4158; x_wconf 90' lang='lat' dir='ltr'><strong>Hi</strong></span> <span class='ocrx_word' id='word_1_308' title='bbox 1292 4100 1464 4179; x_wconf 80' lang='lat' dir='ltr'><strong>igitur</strong></span> <span class='ocrx_word' id='word_1_309' title='bbox 1489 4110 1628 4173; x_wconf 85' lang='lat' dir='ltr'><strong>tres,</strong></span> <span class='ocrx_word' id='word_1_310' title='bbox 1656 4120 1771 4162; x_wconf 88' lang='lat' dir='ltr'><strong>non</strong></span> <span class='ocrx_word' id='word_1_311' title='bbox 1786 4100 2120 4181; x_wconf 82' lang='lat' dir='ltr'><strong>Tarquinii,</strong></span> <span class='ocrx_word' id='word_1_312' title='bbox 2144 4101 2247 4160; x_wconf 85' lang='lat' dir='ltr'><strong>sed</strong></span> <span class='ocrx_word' id='word_1_313' title='bbox 2272 4104 2474 4163; x_wconf 85' lang='lat' dir='ltr'><strong>omnia</strong></span> <span class='ocrx_word' id='word_1_314' title='bbox 2498 4106 2687 4165; x_wconf 80' lang='lat' dir='ltr'><strong>tristia</strong></span> <span class='ocrx_word' id='word_1_315' title='bbox 2712 4124 2817 4165; x_wconf 90' lang='lat' dir='ltr'><strong>no-</strong></span> 
     </span>
     <span class='ocr_line' id='line_1_41' title="bbox 915 4195 2813 4280; baseline 0.005 -28"><span class='ocrx_word' id='word_1_316' title='bbox 915 4195 1073 4253; x_wconf 82' lang='lat' dir='ltr'><strong>mina</strong></span> <span class='ocrx_word' id='word_1_317' title='bbox 1101 4196 1420 4258; x_wconf 78' lang='lat' dir='ltr'><strong>sceleribus</strong></span> <span class='ocrx_word' id='word_1_318' title='bbox 1445 4206 1505 4255; x_wconf 85' lang='lat' dir='ltr'><strong>ct</strong></span> <span class='ocrx_word' id='word_1_319' title='bbox 1529 4196 1881 4256; x_wconf 71' lang='lat' dir='ltr'><strong>crudelitate</strong></span> <span class='ocrx_word' id='word_1_320' title='bbox 1906 4199 2275 4273; x_wconf 77' lang='lat' dir='ltr'><strong>transgressi,</strong></span> <span class='ocrx_word' id='word_1_321' title='bbox 2318 4218 2425 4258; x_wconf 84' lang='lat' dir='ltr'><strong>nos</strong></span> <span class='ocrx_word' id='word_1_322' title='bbox 2443 4201 2673 4280; x_wconf 81' lang='lat' dir='ltr'><strong>impios</strong></span> <span class='ocrx_word' id='word_1_323' title='bbox 2694 4222 2813 4261; x_wconf 83' lang='lat' dir='ltr'><strong>·vo-</strong></span> 
     </span>
    </p>
   </div>
  </div>
 </body>
</html>
