3159 4959
1523 419 1595 467 ‘1·.
1646 418 1835 465 mvn

889 580 1046 631 cere,
1071 561 1120 621 si
1143 562 1410 641 cupiant,
1439 560 1681 641 possint.
1768 558 2125 619 Libertatem
2166 566 2227 617 et
2268 554 2427 635 leges
2470 556 2787 638 praeferen-

891 668 1013 718 tem
1038 658 1326 728 omnibus,
1351 657 1784 717 interfectorem
1810 656 1983 734 regis,
2022 652 2343 734 professum
2367 652 2791 717 dominationis

893 754 1141 825 hostem,
1168 774 1340 814 nemo
1357 754 1611 813 tolerare
1636 762 1920 832 tyrannus
1939 750 2137 810 debet.
2192 748 2287 809 At
2299 770 2405 811 vos
2424 752 2571 820 vita,
2588 750 2790 823 liberi,

891 856 1193 931 conjuges,
1219 860 1304 922 et,
1341 852 1785 931 qualiscumque
1816 848 2055 908 tandem
2084 848 2216 917 erit,
2254 848 2467 926 patria,
2508 860 2787 908 manent:

889 958 953 1009 et
977 950 1104 1009 sine
1127 957 1312 1018 metu,
1345 949 1469 1007 sine
1499 945 1881 1016 verecundia,
1912 946 2081 1024 sequi
2120 945 2367 1024 potestis
2394 942 2521 1003 fata
2546 946 2785 1024 reipub-

880 1044 1046 1116 licae,
1099 1064 1236 1126 quae
1277 1044 1675 1105 tolerabiliore
1716 1052 1915 1103 tamen
1960 1041 2293 1102 conditione
2344 1040 2574 1100 interim
2624 1051 2785 1119 aget,

891 1142 940 1200 si
963 1144 1132 1202 vobis
1171 1144 1284 1202 erit
1307 1142 1524 1222 aliquis
1553 1140 1715 1222 apud
1748 1140 2001 1201 victores
2027 1138 2303 1198 amicitia
2328 1137 2579 1216 gradus:
2622 1148 2707 1207 et,
2732 1139 2787 1197 si

891 1240 1126 1299 mitiora
1143 1238 1294 1299 forte
1313 1239 1701 1299 decreverunt
1726 1237 1858 1307 Dii,
1874 1236 2119 1296 habebit
2142 1254 2249 1314 per
2272 1254 2421 1314 quos
2442 1236 2747 1313 resurgat!

971 1344 1072 1397 29.
1119 1336 1244 1396 His
1266 1334 1446 1396 dictis
1467 1356 1603 1395 cum
1632 1335 1863 1395 duobus
1889 1343 1993 1393 aut
2010 1331 2197 1391 tribus
2224 1331 2457 1409 long-ius
2480 1331 2791 1411 aliquanto

889 1452 1244 1513 progressus,
1265 1431 1604 1493 Stratonem
1628 1430 1960 1510 AEgeatelm
1984 1448 2159 1509 quem
2178 1448 2256 1488 ex
2276 1427 2487 1488 studiis
2502 1429 2789 1508 eloquen-

888 1530 987 1588 tioe
1011 1528 1360 1589 familiarem
1387 1529 1671 1599 habebat,
1708 1526 1961 1605 rogavit,
2006 1534 2107 1585 ‘ut
2132 1526 2245 1584 sibi
2281 1524 2545 1603 gladium
2580 1523 2789 1604 adige-

849 1655 862 1670 ·
888 1634 976 1685 ret
997 1626 1036 1685 :'
1076 1637 1252 1705 atque
1281 1626 1388 1686 illo
1411 1634 1713 1694 contante,
1742 1623 1897 1684 idem
1918 1644 1955 1683 a
1980 1642 2148 1683 servo
2166 1622 2359 1702 petiit.
2436 1622 2593 1682 Tum
2614 1622 2789 1683 Stra-

889 1730 975 1792 to,
1019 1730 1038 1757 ‘
1060 1720 1128 1781 Si
1167 1721 1406 1802 quidem
1445 1720 1743 1791 decretum
1772 1721 1904 1790 est,'
1946 1720 2159 1799 inquit,
2202 1728 2221 1755 ‘
2240 1738 2359 1778 non
2398 1719 2787 1790 committam,

891 1824 960 1876 nt
997 1819 1154 1877 servi
1200 1817 1392 1899 potius
1425 1836 1606 1897 quam
1651 1818 1825 1877 amici
1864 1817 2183 1876 ministerio
2218 1816 2440 1875 utaris?
2522 1816 2607 1875 Et
2646 1835 2787 1875 cum

889 1911 1054 1973 dicto
1081 1914 1237 1973 latus
1260 1915 1600 1994 praebentis,
1626 1923 1807 1991 atque
1832 1912 1991 1972 ultro
2012 1914 2156 1973 ictui
2170 1912 2549 1983 occurrentis,
2568 1913 2791 1971 hausit.

891 2008 996 2069 Sic
1023 2011 1514 2089 praestantioeimae
1541 2009 1755 2071 indolis
1786 2010 2047 2087 juvenis,
2076 2011 2363 2089 uniusque
2386 2018 2616 2068 tantum
2638 2008 2789 2069 faei-

890 2107 1068 2177 noris‚
1104 2106 1180 2165 de
1219 2126 1338 2186 quo
1379 2116 1576 2165 tamen
1614 2116 1679 2166 et
1710 2115 1837 2165 tum
1880 2116 1943 2165 et
1972 2115 2175 2187 postea
2211 2105 2459 2166 mirifice
2482 2106 2793 2165 sententiis

711 2222 773 2254 n.
853 2240 870 2256 .
891 2202 1178 2262 variatum
1225 2212 1336 2272 est,
1375 2202 1621 2262 infamia
1663 2222 1947 2283 aspersus,
1992 2202 2185 2261 aetatis
2220 2220 2435 2261 annum
2472 2204 2787 2281 septimum

895 2306 1072 2376 atque
1099 2299 1452 2359 tricesimum
1479 2318 1659 2376 agens
1686 2299 1923 2357 interiit.
2010 2296 2253 2357 Mortuo
2279 2298 2493 2367 Bruto,
2520 2297 2790 2377 reliquie

767 2416 784 2432 ·
891 2392 1208 2463 exercitus,
1236 2393 1683 2471 quatuordecim
1714 2393 1899 2453 ferme
1940 2393 2153 2465 millia,
2192 2414 2253 2453 se
2288 2392 2639 2453 dediderunt
2662 2394 2786 2454 vic-

897 2487 1140 2555 toribus,
1167 2498 1530 2566 acceptaque
1565 2489 1743 2547 venia
1773 2491 1927 2547 inter
1957 2489 2065 2548 hos
2086 2487 2281 2549 d'rvisa
2303 2498 2461 2549 sunt.
2546 2489 2699 2548 Mox
2724 2500 2791 2548 et

891 2580 1160 2651 castella,
1199 2600 1336 2662 quae
1382 2584 1601 2663 passim
1646 2583 1871 2642 Brutus
1904 2593 2301 2655 exstruxerat,
2343 2606 2381 2644 a
2412 2584 2789 2666 praesidiariis

892 2676 1130 2747 tradita,
1154 2678 1328 2737 simul
1353 2698 1486 2737 cum
1525 2679 1851 2757 majoribus
1874 2680 2103 2750 castris,
2128 2680 2461 2761 diripienda
2484 2680 2655 2739 militi
2680 2702 2791 2741 suo

891 2772 1270 2851 imperatores
1310 2772 1615 2833 dederunt.
1700 2773 1869 2833 Inter
1902 2776 2031 2834 haec
2068 2776 2397 2847 Antonius,
2444 2776 2619 2836 Bruti
2660 2779 2789 2838 viso

888 2867 1200 2937 cadavere,
1225 2869 1382 2928 hu'nc
1409 2868 1655 2948 quidem
1688 2870 2013 2950 increpavit
2046 2871 2274 2943 leniter,
2322 2882 2341 2909 ‘
2362 2872 2521 2952 qnod
2546 2873 2787 2933 fratrem

763 3021 774 3035 ‚
887 2963 1100 3023 suum⁶
1147 2965 1362 3025 Caium
1401 2966 1595 3025 occidi
1631 2968 1940 3045 jussisset?
2016 2970 2297 3029 Ceterum
2340 2971 2425 3037 Q.
2460 2970 2789 3032 Hortensio

741 3052 829 3114 pi.
888 3061 1082 3137 potius
1123 3060 1344 3120 factum
1373 3062 1689 3141 imputans,
1718 3062 1883 3121 illum
1910 3084 2087 3144 supra
2122 3076 2562 3126 monumentum
2588 3067 2791 3127 fratris

887 3154 1134 3215 interfici
1159 3159 1478 3237 praecepit:
1524 3156 1715 3217 Bruto
1742 3158 2222 3237 paludamentum
2242 3181 2409 3220 suum
2434 3182 2786 3242 purpureum

889 3250 1118 3328 injecit,
1139 3252 1299 3331 quod
1327 3254 1580 3331 ingentis
1599 3263 1727 3312 erat
1748 3254 1936 3333 pretii,
1966 3264 2033 3313 ut
2056 3257 2113 3313 in
2135 3276 2207 3315 eo
2228 3258 2589 3336 sepeliretur.
2648 3260 2787 3318 Au-

889 3344 1131 3423 ditoque
1159 3367 1297 3405 mox
1325 3357 1649 3425 surreptum
1690 3369 1838 3417 esse,
1876 3351 2089 3428 requiri
2127 3351 2335 3422 furem,
2376 3354 2784 3433 supplicioque

682 3470 698 3516 i
731 3486 778 3519 n.
888 3436 1040 3497 affici
1074 3441 1286 3516 jussit:
1329 3442 1695 3521 crematique
1734 3444 1994 3522 corporis
2038 3445 2315 3525 reliquias
2352 3449 2431 3509 ad
2472 3448 2785 3509 Serviliam

887 3534 1104 3607 (mater
1124 3534 1252 3594 haec
1279 3534 1406 3594 erat
1433 3536 1634 3615 Bruti)
1662 3538 1904 3599 remisit.

965 3636 1063 3688 30.
1111 3629 1232 3689 Sed
1259 3650 1374 3690 non
1404 3632 1616 3692 eadem
1644 3634 1897 3695 Caesaris
1926 3638 2255 3698 moderatio
2292 3639 2425 3699 fuit.
2512 3639 2577 3700 Is
2612 3642 2783 3701 avul-

779 3749 792 3763 ·
883 3745 1012 3785 sum
1041 3724 1216 3786 Bruti
1241 3735 1424 3807 caput
1447 3726 1712 3787 Romam
1740 3731 1919 3801 misit,
1946 3741 2013 3792 ut
2048 3740 2259 3793 statuae
2290 3737 2569 3796 avunculi
2596 3739 2781 3816 subji-

881 3830 1128 3882 ceretur.
1215 3822 1336 3882 Sed
1365 3825 1514 3884 inter
1539 3828 2049 3888 transmittendum
2068 3850 2107 3889 a
2128 3829 2524 3911 Dyrrhachio,
2548 3844 2785 3914 propter

598 3955 622 3983 u
678 3956 757 3990 on.
883 3928 1150 3977 exortam
1191 3912 1622 4001 tempestatem,
1663 3924 1721 3981 in
1764 3943 1922 3983 mare
1966 3926 2263 4003 abjectum
2298 3938 2405 3989 est.
2490 3930 2783 4008 Ejusdem

885 4012 1274 4075 adolescentis
1302 4018 1528 4076 saevitia
1557 4008 1755 4089 multi,
1782 4040 1891 4080 nec
1916 4022 2039 4081 sine
2065 4024 2425 4085 contumelia
2446 4028 2779 4099 verborum,

1211 4224 1244 4267 6
1281 4220 1382 4271 Pro
1403 4237 1538 4271 sunm
1565 4225 1839 4289 legebatur
1861 4234 1983 4277 ante
2008 4228 2162 4279 Crev.
2186 4229 2403 4283 Antonii.
