3159 4959
583 396 761 464 3546

583 3154 714 3210 Plut-

1547 414 1619 461 ⁹1·-
1668 412 1853 461 lell

911 576 991 619 ex
1019 572 1132 615 aere
1157 553 1420 617 membra
1443 554 1721 634 gerimus,
1746 563 1815 614 ut
1836 562 2003 616 tanta
2036 561 2279 634 tamque
2302 553 2511 633 grevia
2532 572 2813 635 superare

911 650 1221 711 tolerando
1265 650 1504 730 possint.
1590 650 1774 717 Quod
1818 650 1979 729 exigi
2019 670 2056 709 a
2091 651 2255 721 viris,
2298 648 2405 709 sed
2449 650 2811 721 hominibus,

911 746 1126 826 potuit,
1151 745 1447 807 cumulate
1475 746 1853 825 praestitimus
1872 754 1935 805 et
1958 745 2250 809 alacriter.
2336 743 2530 805 Semel
2560 766 2677 805 non
2699 767 2809 826 op-

910 843 1056 901 time
1101 842 1358 921 accepti,
1397 849 1459 901 et
1502 840 1929 921 postulavimus
1976 842 2183 901 iterum
2230 860 2514 920 pugnam,
2570 847 2635 901 et
2672 861 2809 901 eam

909 937 1284 997 exhibuimus
1311 956 1574 1018 operam,
1602 956 1781 1015 quam
1822 934 1997 995 modo
2042 934 2398 998 laudabatis.
2482 936 2807 1015 Legionum

907 1043 1158 1113 quatuor
1195 1033 1361 1111 signa
1407 1032 1595 1111 magis
1638 1051 1818 1111 qnam
1863 1031 2085 1091 milites
2124 1052 2325 1091 sumus
2346 1052 2367 1091 ι
2406 1034 2511 1091 vix
2554 1032 2809 1093 dimidia

905 1150 1046 1212 pars
1071 1138 1422 1191 armatorum
1447 1138 1746 1209 superest:
1790 1137 1852 1188 et
1876 1128 1981 1207 qui
2006 1127 2290 1189 hactenus
2310 1128 2569 1207 effugere
2594 1126 2807 1199 fatum,

903 1226 1247 1287 vulneribus
1289 1234 1354 1286 et
1399 1226 1601 1287 labore
1645 1224 1879 1294 domiti,
1922 1234 1987 1285 et
2030 1224 2493 1285 commilitonum
2540 1225 2811 1297 interitu,

905 1342 1096 1401 neque
1135 1342 1385 1402 corpora
1423 1320 1629 1383 eudem
1670 1320 1749 1379 ad
1790 1340 2005 1381 novum
2046 1321 2305 1381 laborem
2348 1320 2580 1392 afferre,
2607 1340 2805 1401 neque

906 1418 1134 1478 animos
1157 1427 1492 1499 potuerunt.
1577 1417 1749 1477 Num
1785 1437 1992 1497 parum
2034 1417 2229 1478 adhuc
2267 1416 2531 1478 Romani
2566 1418 2806 1497 sangui·-

905 1516 998 1574 nis
1039 1536 1142 1595 per
1182 1516 1289 1575 hos
1329 1534 1514 1579 annos
1554 1513 1747 1575 fusum
1786 1514 1917 1575 est?
1999 1514 2125 1574 Cur
2162 1515 2255 1573 11ae
2298 1514 2493 1575 adhuc
2536 1513 2809 1594 reliquiae

905 1612 1264 1690 poscuntur?
1347 1611 1475 1671 Cur
1509 1610 1673 1671 nullo
1698 1630 1892 1691 operae
1918 1612 2109 1691 pretio
2134 1610 2388 1691 publicae
2412 1610 2601 1671 cladis
2622 1618 2811 1671 teme-

905 1706 1064 1765 raria
1089 1708 1346 1767 accessio
1373 1705 1585 1767 fimus?
1669 1706 1869 1767 Etiam
1907 1707 2170 1785 Mag-nus
2194 1706 2295 1767 ille
2322 1706 2655 1787 Pompeius
2685 1703 2811 1765 for·

903 1812 1068 1863 tunae
1093 1804 1288 1874 coesit,
1319 1823 1510 1883 neque
1545 1803 1763 1864 servari
1788 1804 2003 1875 vetuit,
2040 1822 2209 1881 quos,
2250 1811 2385 1883 post
2423 1800 2661 1861 fidelem
2698 1802 2809 1861 sed

904 1898 1202 1961 infelicem
1239 1920 1502 1981 operam,
1543 1900 1767 1977 majore
1806 1898 2031 1977 flagitio
2068 1919 2174 1958 suo
2208 1918 2387 1977 quam
2421 1918 2529 1957 usu
2551 1898 2807 1959 videbat

905 1996 1212 2077 perituros.
1297 1995 1655 2057 Avunculus
1696 1994 1934 2073 quidem
1988 1995 2351 2073 imperatoris
2405 1992 2585 2065 Cato,
2632 2004 2799 2074 post-

905 2110 1085 2171 quem
1123 2091 1338 2151 frustra
1383 2090 1657 2153 dimicari
1700 2099 1908 2151 contra
1952 2089 2193 2151 fatalem
2235 2091 2558 2170 potentiam
2600 2090 2811 2161 sensit,

907 2187 1059 2252 adeo
1087 2207 1198 2248 non
1227 2187 1452 2265 objecit
1475 2186 1739 2268 periculo
1764 2208 1921 2259 suos,
1961 2194 2029 2247 ut
2067 2188 2267 2267 potius
2296 2188 2421 2267 ipse
2460 2197 2807 2259 moreretur,

905 2303 1084 2364 quam
1111 2292 1346 2363 propter
1369 2303 1432 2342 se
1458 2283 1606 2343 mori
1629 2302 1990 2363 quenquam,
2018 2281 2163 2342 licet
2198 2282 2534 2361 rogantium
2560 2282 2810 2343 offeren-

907 2380 1194 2459 tiumque,
1221 2380 1454 2441 sineret.
1541 2378 1715 2459 Saepe
1748 2378 1931 2438 nostri
1966 2378 2263 2438 exercitus
2294 2378 2637 2439 calamitate
2670 2380 2811 2439 sub-

905 2476 1024 2537 acti
1049 2475 1314 2535 hostibus
1345 2474 1605 2535 externis
1638 2495 1700 2533 se
1734 2473 2103 2535 dediderunt.
2172 2474 2304 2533 Hic
2342 2474 2505 2534 nullo
2544 2474 2811 2535 Romani

905 2569 1158 2631 nominis
1183 2567 1406 2649 pudore
1431 2569 1663 2629 civibus
1686 2588 1793 2629 nos
1814 2569 2119 2641 tradimus,
2142 2570 2421 2631 servandi
2452 2570 2707 2650 cupidis,
2746 2579 2813 2630 et

908 2684 1140 2743 aequam
1157 2664 1392 2727 vivendi
1413 2673 1627 2725 sortem
1652 2684 1849 2727 secum
1864 2664 2109 2727 daturis.
2178 2664 2366 2725 Hanc
2388 2664 2811 2737 conditionem,

907 2766 1031 2819 tam
1069 2767 1132 2819 et
1167 2759 1520 2840 optabilem,
1559 2768 1626 2820 et
1658 2764 2067 2831 necessariam,
2093 2781 2269 2821 sanus
2295 2760 2509 2841 aliquis
2536 2781 2809 2843 asperne-

908 2854 1043 2913 tur!
1132 2856 1312 2916 Certe
1353 2857 1670 2935 imperator
1718 2875 1825 2936 pro
1874 2876 1981 2916 sua
2026 2856 2245 2915 virtute
2292 2864 2471 2935 etque
2516 2856 2812 2936 sapientia

905 2950 1021 3010 sibi
1061 2951 1370 3011 consilium
1409 2952 1641 3031 capiet:
1696 2971 1804 3011 nos
1842 2952 2168 3013 meminisse
2206 2953 2443 3035 patriae‚
2480 2953 2809 3016 meminisse

908 3045 1224 3107 liberorum
1249 3054 1430 3125 utque
1461 3048 1779 3126 conjugum
1804 3048 2101 3127 patietur.'

987 3148 1089 3203 26.
1134 3141 1290 3201 Cum
1314 3142 1445 3202 haec
1487 3141 1566 3201 ad
1596 3141 1847 3201 Brutum
1876 3152 2071 3203 essent
2102 3142 2312 3215 relata,
2342 3145 2584 3223 quidam
2612 3154 2811 3205 nstan-

907 3236 1053 3296 tium
1094 3246 1111 3273 ‘
1136 3236 1476 3315 fugiendum
1502 3238 1682 3315 igitur
1702 3256 1827 3296 esse
1856 3236 1873 3264 ’
1914 3236 2311 3307 exclamavit:
2355 3259 2491 3299 cum
2518 3240 2623 3301 ille
2650 3242 2805 3301 reni-

905 3332 1071 3402 dens,
1100 3342 1117 3368 ‘
1135 3332 1336 3403 Sane,'
1367 3334 1582 3410 inquit,
1628 3333 2001 3411 ‘fugiendum
2024 3343 2148 3395 est:
2177 3353 2295 3393 non
2312 3335 2561 3415 pedibus
2586 3346 2807 3411 tamen,

905 3426 1010 3485 sed
1043 3446 1218 3486 manu
1240 3427 1276 3485 τ’
1318 3436 1704 3506 porrectaque
1746 3428 1993 3507 singulis
2025 3428 2279 3500 dextra;
2327 3440 2345 3466 ⁴
2368 3430 2681 3496 Quantum
2728 3434 2807 3493 nd

905 3542 999 3581 me
1027 3524 1257 3593 attinet,
1275 3523 1422 3581 nihil
1445 3532 1535 3583 est
1551 3523 1715 3602 quod
1734 3523 2031 3585 fortunam
2052 3544 2327 3585 accusare
2346 3526 2597 3587 debeam
2620 3547 2637 3597 3
2671 3547 2806 3608 quoe

905 3638 1078 3697 super
1104 3618 1224 3679 alia
1259 3618 1470 3691 multa,
1512 3620 1627 3679 hoc
1667 3620 1871 3692 etiam,
1897 3622 2057 3702 quod
2094 3623 2315 3701 ingenti
2340 3623 2487 3683 mihi
2512 3623 2807 3705 voluptati

905 3723 1018 3784 est,
1061 3713 1350 3793 praestitit,
1381 3722 1448 3775 ut
1473 3716 1790 3776 amicorum
1818 3736 1910 3776 me
1947 3716 2229 3777 fefellerit
2252 3738 2448 3790 nemo,
2473 3717 2581 3778 fidi
2604 3738 2807 3781 omnes

906 3810 1166 3890 bonique
1211 3811 1565 3890 perstiterint
1602 3812 1678 3872 ad
1708 3822 2056 3875 extremum.
2142 3814 2372 3875 Patriae
2410 3823 2609 3875 tamen
2635 3816 2803 3876 vide-

905 3914 999 3967 tur
1023 3927 1146 3967 esse
1172 3908 1448 3988 iniquior,
1475 3909 1571 3969 cui
1604 3909 1914 3989 praefracte
1951 3910 2223 3982 adversa,
2251 3931 2441 3989 neque
2476 3920 2679 3973 tenere
2702 3934 2805 3975 ve-

904 4011 1121 4063 tustam
1149 4002 1505 4075 libertatem,
1531 4024 1723 4084 neque
1744 4006 1859 4065 frui
1884 4016 2253 4085 recuperata,
2274 3996 2583 4068 concessit.

984 4104 1082 4159 27.
1129 4107 1146 4133 ‘
1179 4098 1304 4157 His
1343 4098 1617 4178 equidem
1668 4120 1781 4160 non
1832 4102 2091 4172 invideo,
2140 4102 2412 4161 misereor
2452 4102 2659 4180 magis,
2698 4104 2801 4180 qui

906 4200 1134 4253 tantum
1173 4196 1538 4275 pertulerunt
1564 4206 2085 4277 perpeti-uruntque
2118 4197 2433 4269 malorum,
2462 4206 2531 4257 ut
2552 4199 2807 4283 petriam
