3159 4959
877 412 1075 463 metu
1127 411 1291 463 CXX
1307 412 1372 463 V.
1417 412 2067 465 SUPPLRMENTUM.

441 556 542 611 12.
571 551 870 613 Callidum
893 561 1024 613 erat
1041 552 1272 613 Fulviae
1289 552 1623 625 consilium,
1648 574 1755 614 nec
1768 553 2025 633 effugere
2049 552 2255 615 Caesar

353 656 610 729 poterat,
647 650 794 730 quin
818 649 1046 710 invidia
1067 669 1146 709 ex
1172 669 1346 729 oequo
1371 652 1631 709 omnium
1654 660 2009 712 oneraretur.
2081 648 2251 711 Nam

347 754 415 804 et
431 744 594 805 illius
618 747 916 805 veteranis
937 745 1334 826 persuadebat
1360 745 1689 817 Antonius,
1735 757 1753 783 ⁴
1782 746 1927 807 nibil
1952 768 2103 829 opus
2124 767 2250 809 esse

345 841 688 903 dividendis
733 842 936 921 agris:
997 862 1075 902 ex
1127 842 1378 903 hostium
1413 842 1817 921 judicatorum
1868 843 2253 904 facultatibus

343 938 594 1018 prat-ia
611 938 864 1018 persolvi
889 938 1176 999 militibus
1197 959 1366 1019 posse
1383 940 1421 997 :'
1457 939 1631 998 simul
1648 947 1933 1018 quantum
1958 942 2089 1001 aeris
2113 940 2251 1001 inde

343 1032 652 1095 redactum
694 1042 868 1103 esset,
911 1042 1197 1113 quantum
1231 1033 1430 1093 adbuc
1471 1034 1658 1112 redigi
1700 1042 1919 1114 posset,
1960 1045 2243 1113 augentes

337 1130 568 1199 omnia,
593 1130 860 1209 verisque
881 1130 1188 1189 miscentes
1207 1128 1380 1199 falsa,
1399 1129 1844 1209 computabant.
1904 1129 2085 1197 Quod
2106 1132 2157 1191 si
2176 1152 2249 1191 ne

339 1224 474 1285 baec
513 1224 756 1304 quidem
789 1222 1144 1294 sufficerent,
1185 1225 1480 1302 ingentem
1519 1224 1913 1285 ostendebant
1948 1225 2251 1287 cumulum

337 1340 422 1379 ex
455 1320 740 1379 Asiatica
764 1318 984 1399 praeda.
1060 1318 1188 1378 His
1205 1318 1432 1379 artibus
1454 1317 1659 1381 Caesar
1678 1340 1717 1380 a
1738 1322 2163 1400 possessoribus
2190 1331 2253 1382 et

337 1413 664 1484 veteranis,
682 1422 962 1493 tanquam
979 1415 1236 1494 utrisque
1253 1414 1649 1494 periculorum
1663 1424 1725 1477 et
1738 1416 2007 1477 laborum
2022 1427 2249 1489 auctor,

341 1510 838 1590 vituperabatur.
887 1508 1264 1571 Antoniani
1245 1530 1308 1573 m
1345 1510 1538 1571 oculis
1577 1531 1651 1573 ac
1682 1512 1875 1592 pretio
1916 1522 2105 1583 erant,
2144 1516 2251 1593 qui

337 1626 540 1686 neque
583 1605 924 1687 spoliabant
967 1590 1208 1679 alteros,
1255 1617 1318 1669 et
1365 1605 1572 1669 alteris
1620 1608 1965 1669 cumulatim
2009 1608 2247 1691 praemia

341 1702 660 1781 praetituri
681 1701 1059 1763 videbantur.

421 1805 528 1859 13.
572 1796 780 1860 Dubia
817 1796 1044 1858 fiebant
1084 1798 1445 1865 adolescenti
1491 1808 1781 1879 tempora,
1827 1809 1919 1861 tot
1960 1801 2021 1859 in
2068 1818 2249 1863 unum

338 1894 830 1955 concurrentibus
869 1892 1340 1966 difficultatibus,
1380 1904 1450 1955 ut
1485 1895 1813 1973 cujuslibet
1849 1896 2115 1955 veterani
2140 1897 2251 1955 im-

341 1989 632 2069 peratoris
681 1988 948 2051 adultam
998 1992 1132 2069 jam
1187 2000 1250 2051 et
1299 1994 1709 2051 auctoritatem
1762 2000 1826 2051 et
1877 1990 2247 2071 prudentiam

337 2106 706 2166 oppressum
757 2085 1116 2146 viderentur.
1215 2086 1390 2147 Mare
1444 2086 1712 2147 Siculum
1766 2087 2096 2168 Pompeius
2140 2088 2248 2147 ob·

341 2182 616 2241 tinebat.
599 2202 614 2217 ·
647 2181 764 2241 Cn.
794 2180 1101 2241 Domitius
1123 2180 1582 2250 Ahenobarbus,
1610 2182 1921 2261 semetipso
1943 2191 2253 2244 contentus
2274 2212 2349 2263 ve
2350 2216 2404 2264 11
2421 2223 2575 2273 an.

343 2285 616 2347 auctore,
663 2296 800 2336 cum
843 2275 924 2337 ad
967 2276 1326 2355 Pompeium
1371 2296 1434 2335 se
1482 2276 1734 2337 Murcus
1783 2276 2133 2357 applicaret,
2184 2284 2253 2336 ut
2306 2280 2403 2329 Sue
2406 2290 2507 2335 tou.

337 2370 532 2451 paulo
571 2380 706 2451 post
738 2370 1072 2440 referemus,
1104 2370 1350 2431 classem
1388 2370 1534 2431 olim
1569 2371 1937 2431 commissam
1970 2373 2247 2451 augebat,

341 2465 588 2526 Ionium
613 2465 1212 2528 obtinens.1taliam
1254 2465 1648 2547 infrequentia
1683 2466 1975 2527 cultorum
2012 2477 2249 2549 propter
2273 2472 2373 2521 Duo

337 2563 626 2623 continua
661 2562 844 2633 bella,
887 2572 948 2623 et
986 2580 1192 2623 reeens
1227 2562 1354 2623 haec
1388 2582 1661 2641 agrorum
1690 2563 1901 2623 divisio
1925 2564 2006 2624 ad
2030 2564 2245 2627 sterili-

2274 2343 2459 2395 Ne..rc

2228 2408 2469 2483 ’Appius

2271 2535 2403 2602 Appi
2390 2552 2489 2591 ian.

341 2668 529 2727 tatem
553 2659 876 2737 redegerat.
955 2659 1110 2719 Inde
1133 2658 1320 2719 fames
1341 2659 1558 2719 invasit
1586 2658 1841 2728 Urbem,
1866 2668 1932 2719 et
1968 2679 2087 2720 una
2108 2680 2245 2723 cum
2272 2682 2391 2733 Dio

339 2756 552 2817 ceteris
573 2755 958 2817 incommodis
983 2755 1198 2824 afflixit
1220 2774 1362 2815 sane
1391 2755 1671 2833 graviter.
1760 2754 1931 2815 Nam
1956 2755 2125 2817 furtis
2148 2777 2245 2817 ra-
2274 2749 2489 2815 Appi-n„

343 2853 610 2933 pinisque
634 2852 920 2932 expositae
945 2860 1116 2912 erant
1147 2852 1478 2913 tenuiorum
1511 2852 1744 2920 domus,
1776 2862 1839 2911 et
1872 2852 1985 2911 sub
2020 2852 2247 2914 invidia

345 2948 620 3020 militum,
659 2969 698 3009 a
721 2949 1024 3029 quibusvis
1050 2948 1298 3029 perditis
1331 2946 1703 3007 bominibus
1686 2966 1924 3028 impune
1950 2946 2247 3012 maleficia

343 3046 751 3124 patrabantur.

423 3146 528 3201 14.
571 3138 950 3210 Accedebat,
989 3138 1150 3219 quod
1192 3148 1480 3219 perpetua
1517 3138 1917 3199 intercedebat
1952 3141 2246 3199 veteranis
2268 3158 2389 3210 Dio.

344 3254 480 3298 cum
509 3236 934 3315 possessoribus
957 3254 1190 3315 pugna:
1217 3254 1412 3314 neque
1439 3232 1776 3293 humiliores
1802 3242 2033 3293 tantum
2058 3232 2245 3293 offen-

346 3331 675 3399 debantur;
705 3331 782 3391 ad
809 3338 1106 3391 senatores
1137 3328 1318 3390 etiam
1357 3329 1589 3409 iujuriae
1628 3337 2035 3408 pervenerunt.
2120 3328 2247 3389 His

347 3428 506 3487 enim
544 3446 652 3487 sua
685 3427 854 3487 salva
885 3428 1134 3487 retinere
1171 3425 1563 3508 cupientibus,
1606 3424 1811 3486 durius
1847 3425 2245 3507 respondebat

351 3522 576 3593 Oaesar,
618 3532 637 3560 ‘
669 3522 822 3584 unde
863 3524 1042 3601 igitur
1081 3521 1330 3583 satisfiet
1354 3522 1651 3583 veteranis
1666 3522 1711 3581 ‘2⁹
1792 3520 1887 3581 At
1910 3524 2023 3583 hoc
2049 3524 2243 3602 perin-

351 3618 552 3699 iquum
579 3620 700 3679 illis
721 3618 1053 3690 videbatur,
1082 3620 1156 3681 de
1183 3620 1305 3679 suis
1329 3619 1787 3699 pmionibus
1812 3620 2055 3699 proemia
2082 3619 2241 3679 mili·

351 3714 508 3775 tibus
519 3716 671 3786 dari,
686 3735 824 3777 cum
849 3735 1038 3795 neque
1062 3715 1422 3787 delectuum‚
1444 3736 1635 3795 neque
1662 3717 2073 3795 promissorum
2098 3736 2241 3777 auc-

347 3820 504 3873 tores
541 3820 736 3892 patres
770 3811 1038 3872 fuissent.
1121 3811 1383 3882 Idcirco,
1419 3820 1488 3871 ut
1519 3812 1578 3869 in
1607 3830 1669 3871 re
1696 3812 1965 3891 ancipiti,
2004 3832 2141 3871 cum
2184 3815 2241 3873 in

351 3907 676 3969 universum
691 3908 872 3967 statui
887 3906 1034 3965 nihil
1053 3916 1270 3987 posset,
1287 3906 1534 3965 subinde
1551 3906 1667 3965 huc
1682 3906 1827 3965 illuc
1844 3903 2243 3967 inclinandum

355 4000 574 4065 Oaesari
615 4004 772 4072 fuit:
817 4022 1005 4082 eoque
1040 4002 1201 4062 facto
1235 4003 1370 4082 plus
1405 4000 1528 4061 odii
1565 4002 1859 4080 utrimque
1902 4001 2015 4073 ini,
2062 4022 2241 4081 quam

353 4101 550 4175 gratiae
601 4109 855 4180 pai-mm.
949 4098 1204 4164 Quoties
1253 4097 1410 4157 enim
1461 4097 1717 4156 senatori
1766 4094 2028 4169 favebat,
2082 4098 2241 4179 quod

353 4204 558 4271 prater
605 4214 842 4276 aequum
881 4195 1034 4256 huic.
1060 4194 1344 4273 tribueret
1389 4191 1555 4266 nihil,
1592 4194 1697 4271 jus
1730 4194 1935 4275 ‚potius
1975 4194 2241 4258 debitum
