3159 4959
604 422 779 488 5572

641 1652 827 1709 Strabo,

613 1720 907 1780 xxv-pflu-

609 1855 825 1919 Appian-

639 2816 824 2871 Strabo,

612 2897 721 2930 xxv.
739 2884 904 2943 psus.

605 3008 734 3055 Plut.

614 3670 820 3733 Appian-

1557 438 1626 485 Τ.
1680 436 1867 485 lell

928 580 1130 639 Graeci
1182 579 1461 650 Asiatici,
1515 581 1771 640 moribus
1818 580 1909 638 his
1962 580 2211 638 amicum
2264 599 2467 657 genus,
2511 578 2819 659 Ephesum

926 676 1259 736 venientem
1301 678 1665 735 curatissima
1702 696 1919 757 pompa
1962 684 2341 757 exceperunt.
2422 675 2666 757 Quippe
2706 678 2824 735 viri

928 772 1208 852 puerique
1233 781 1559 852 satyrorum
1597 792 1669 832 ac
1706 771 1946 832 Panum
1986 772 2215 841 habitu,
2258 770 2511 831 foeminae
2541 771 2825 833 Bacchas

923 867 1288 938 simulantes,
1333 868 1709 929 deduxerunt
1744 888 1901 939 eum,
1936 868 2078 927 urbe
2118 877 2245 928 tota
2276 879 2621 949 personante
2658 870 2826 929 tibiis

925 972 990 1023 et
1013 961 1245 1034 fistulis,
1273 966 1606 1045 passimque
1632 964 1843 1045 thyrsis
1866 972 2045 1044 aulae
2070 962 2288 1023 hedera
2308 966 2543 1024 obtutui
2566 986 2630 1025 se
2652 967 2818 1051 inge-

927 1062 1210 1121 rentibus.
1294 1060 1400 1121 Sic
1441 1061 1719 1122 incedens
1752 1060 1853 1120 ille
1894 1070 1913 1097 ⁴
1946 1058 2125 1120 Liber
2164 1059 2385 1121 Pater'
2423 1060 2819 1133 salutabatur,

927 1168 946 1194 ‘
975 1158 1215 1237 benigni
1243 1168 1421 1237 atque
1447 1158 1685 1219 blandi’
1726 1156 1929 1219 addito
1954 1166 2359 1236 cognomento.
2428 1157 2641 1218 Prima
2672 1178 2825 1219 cura

925 1253 1042 1314 fuit
1081 1253 1364 1314 reddendi
1394 1254 1608 1315 Dianae
1642 1252 1935 1314 sacrificii.
2020 1253 2161 1319 Quo
2201 1252 2510 1333 magnifice
2552 1264 2823 1335 peracto,

925 1348 1222 1430 supplices
1247 1348 1422 1423 Deae‚
1458 1352 1560 1433 qui
1590 1351 1667 1411 ad
1706 1350 1767 1410 id
1801 1350 2029 1431 asylum
2056 1371 2091 1410 e
2117 1350 2292 1410 victis
2315 1350 2581 1431 partibus
2604 1352 2823 1412 confu-

928 1454 1158 1525 gerant,
1183 1446 1406 1509 dimisit
1433 1448 1777 1519 incolumes,
1815 1446 2047 1507 duobus
2068 1446 2357 1527 exceptis,
2386 1467 2633 1528 quorum
2668 1448 2824 1508 alter

927 1545 1108 1607 caedis
1126 1544 1478 1605 Caesarianae
1501 1545 1695 1605 fuerat
1716 1544 2008 1615 conscius,
2036 1542 2187 1605 alter
2203 1542 2585 1605 Dolabellam
2608 1544 2823 1605 Cassio

927 1643 1292 1727 prodideram
1328 1650 1616 1723 vetusque
1640 1640 1895 1723 spatium
1918 1638 2073 1720 asyli
2096 1638 2448 1723 duplicavit,
2474 1650 2821 1725 partemque

931 1738 1089 1799 urbis
1127 1736 1367 1819 adjecit.

1011 1842 1070 1896 3.
1113 1835 1269 1896 Inde
1292 1834 1518 1896 vocatis
1543 1835 1602 1893 in
1628 1834 1931 1895 consilium
1956 1832 2189 1913 legatis,
2216 1832 2318 1913 qui
2341 1852 2421 1893 ex
2444 1832 2596 1893 Asia
2619 1832 2821 1913 Ephe-

929 1953 1058 1992 sum
1097 1940 1534 2002 concurrerant,
1575 1930 1781 1991 decem
1828 1948 2112 1989 annorum
2150 1930 2397 1999 tributa,
2438 1939 2584 2009 quot
2610 1928 2822 1989 Cassio

929 2047 1003 2087 ac
1033 2027 1223 2088 Bruto
1263 2028 1421 2087 intra
1451 2025 1751 2086 biennium
1786 2022 2093 2094 dederant,
2137 2044 2332 2084 annua
2368 2024 2469 2084 die
2508 2024 2824 2105 pendenda

931 2124 1256 2205 imperavit.
1342 2122 1496 2182 Mox
1540 2121 1997 2201 deprecantibus
2032 2120 2544 2200 allegantibusque
2570 2123 2823 2181 necessi·

929 2230 1138 2292 tatem,
1165 2240 1286 2301 qua
1307 2221 1502 2281 eoacti
1521 2219 1823 2279 dedissent
1846 2217 2271 2299 potentioribus
2292 2218 2514 2288 omnia,
2540 2218 2827 2279 hactenus

929 2318 1174 2388 remisit,
1213 2326 1282 2377 ut
1315 2336 1524 2377 novem
1561 2332 1849 2376 annorum
1888 2314 2109 2375 tributa
2142 2332 2339 2373 annua
2372 2313 2531 2373 bima
2554 2312 2655 2375 die
2676 2334 2823 2393 pen-

925 2412 1150 2473 derent.
1235 2412 1508 2491 Regibus
1531 2412 1715 2471 etiam
1736 2418 1800 2471 et
1836 2410 2175 2471 civitatibus
2214 2408 2433 2481 liberis,
2467 2416 2537 2470 ut
2572 2410 2823 2490 quisque

929 2506 1231 2567 abundare
1276 2506 1611 2575 videbatur,
1660 2508 1947 2585 imperata
1992 2516 2086 2565 est.⁴
2121 2508 2388 2587 pecuma.
2482 2504 2651 2566 Huic
2692 2508 2824 2566 exi-

929 2604 1138 2683 gendoe
1164 2602 1434 2685 praefecit
1456 2623 1605 2683 quos
1625 2602 1839 2675 voluit,
1868 2612 1935 2663 ut
1950 2602 2244 2663 interdum
2266 2622 2383 2665 non
2402 2612 2525 2665 tam
2546 2604 2825 2664 acerbum

929 2700 1224 2761 videretur
1263 2698 1518 2779 pendere
1561 2700 1803 2760 omnino
1841 2700 2087 2771 tributa,
2132 2702 2335 2779 quam'
2362 2700 2457 2759 his
2496 2700 2828 2761 hominibus

927 2796 1202 2878 pendere.
1285 2792 1455 2855 Nam
1498 2803 1563 2855 et
1602 2794 1987 2856 cithamdum
2033 2795 2329 2875 quendam
2358 2796 2781 2857 Anaxenorem
2804 2802 2823 2828 ¹

931 2894 1277 2972 Magnetem
1318 2900 1571 2971 quatuor
1612 2893 1845 2951 urbium
1884 2891 2179 2971 exigendo
2218 2892 2439 2953 tributo
2481 2896 2825 2974 praeposuit,

931 2990 1213 3051 militibus
1233 2988 1310 3049 ad
1329 2988 1487 3048 hunc
1509 3006 1674 3049 usum
1693 2987 1869 3049 datis.
1931 2989 2273 3049 Plurimum
2292 2992 2448 3050 enim
2467 2992 2602 3051 huic
2624 2994 2825 3069 generi

928 3088 1226 3148 hominum
1251 3083 1599 3163 indulgebat
1627 3104 1644 3145 ε
1684 3094 1749 3145 et
1768 3085 2055 3165 quicquid
2079 3084 2423 3147 deliciarum
2450 3086 2575 3147 ullo
2600 3090 2825 3148 machi-

925 3192 1204 3245 namento
1227 3181 1670 3263 corrumpendis
1696 3182 1956 3243 moribus
1979 3190 2184 3242 natum
2209 3182 2397 3243 videri
2435 3192 2691 3265 poterat,
2734 3186 2826 3245 af-

926 3282 1084 3341 fectu
1107 3281 1366 3341 maximo
1381 3278 1907 3359 complectebatur.
1968 3278 2129 3357 Ergo
2146 3288 2209 3339 et
2228 3280 2477 3340 Xuthus
2493 3280 2825 3351 choraules,

925 3386 990 3435 et
1015 3375 1215 3434 histrio
1244 3373 1625 3433 Metrodorus
1646 3376 1779 3451 ejus
1804 3374 2067 3435 amicitia
2090 3375 2388 3437 nobilitati
2420 3385 2591 3445 sunt3
2636 3386 2699 3436 et
2722 3396 2827 3437 co-

929 3490 1103 3551 quus,
1127 3472 1207 3530 ob
1231 3489 1408 3529 unam
1429 3488 1659 3529 coenam
1680 3470 1828 3530 scite
1850 3480 2139 3551 paratam,
2166 3474 2322 3533 bona
2346 3474 2497 3533 civis
2514 3473 2827 3553 cujusdam

933 3566 1236 3645 Magnetis
1260 3566 1511 3645 accepit.

1019 3668 1078 3721 4.
1141 3660 1617 3720 Laudabiliorem
1662 3662 1851 3721 multo
1898 3662 2310 3725 liberalitatem
2360 3684 2501 3724 mox
2540 3665 2829 3725 obeundis

928 3757 1246 3839 provinciis
1281 3756 1570 3827 exercuit,
1616 3756 1689 3817 L.
1734 3756 2008 3818 Cassium
2050 3760 2419 3840 imperatoris
2457 3760 2721 3831 fratrem,
2762 3771 2829 3821 et

929 3855 1077 3913 alios
1099 3853 1409 3913 earundem
1437 3853 1715 3933 partium,
1758 3854 2034 3935 exemplo
2056 3855 2386 3915 clementiae
2412 3856 2573 3936 quod
2602 3856 2829 3937 Ephesi

925 3951 1214 4018 ediderat,
1241 3951 1471 4010 veniam
1490 3958 1689 4029 petere
1710 3969 1883 4010 ausos
1901 3950 2232 4023 absolvens,
2256 3960 2319 4010 et
2332 3952 2661 4023 civitatum,
2688 3972 2827 4032 quae

931 4046 1164 4106 afflictae
1215 4045 1449 4105 fuerant
1495 4047 1576 4105 ab
1620 4046 1992 4118 adversariis,
2044 4046 2445 4109 calamitatem
2490 4048 2825 4110 sublevans.

933 4226 1150 4338 '20:03⁸
1167 4240 1232 4276 ex
1249 4228 1422 4278 Strab-
1443 4236 1498 4279 et
1524 4228 1668 4279 Plut.
1694 4228 1864 4279 edidit
1886 4230 2039 4281 Crev.
2106 4230 2169 4281 In
2192 4229 2313 4282 edd.
2326 4232 2514 4297 priorr.
2538 4240 2621 4285 est
2640 4232 2825 4284 Aleu-
