3159 4959
942 436 1144 485 mum
1197 434 1478 485 cxxix.
1522 435 2169 488 surrnnmnxrum.
2484 424 2659 490 5645

449 584 619 637 cente
659 575 776 635 die.
853 574 1325 656 Redieruntque,
1359 562 1607 638 serv'atis
1644 576 1967 649 ordinibus,
2011 578 2088 638 ad
2135 579 2339 639 littora
2396 593 2497 643 Dio
2521 604 2573 644 et

451 690 565 730 non
601 690 808 751 aspera
839 678 944 731 aut
967 692 1202 743 saxosa,
1229 672 1334 731 sed
1356 692 1489 753 quae
1513 674 1705 733 multo
1726 692 1893 733 coeno
1918 673 2126 733 limosa
2148 684 2335 744 erant,
2361 658 2574 723 Appi-n.

450 766 831 846 applicantes.

529 869 590 922 9.
631 862 925 941 Agrippa,
954 882 1092 921 cum
1135 872 1397 941 cuperet,
1425 864 1653 941 insequi
1686 883 1801 923 non
1846 864 2061 943 potuit,
2100 884 2173 923 ne
2197 882 2337 925 cum

447 958 678 1033 magnis
701 957 822 1015 suis
848 957 1096 1015 navibus
1121 958 1182 1015 in
1205 958 1416 1016 brevia
1437 956 1825 1017 delaberetur.
1910 957 2169 1028 Idcirco,
2194 960 2335 1036 jac·

447 1052 522 1110 tis
565 1052 626 1111 in
667 1052 794 1111 alto
835 1052 1104 1112 anchoris
1143 1052 1426 1123 substitit,
1471 1062 1755 1132 tanquam
1791 1054 2001 1111 iterum
2034 1055 2335 1115 invasurus
2362 1063 2573 1127 Appias.
2616 1116 2625 1122 ,

446 1148 543 1207 vel
579 1168 683 1227 per
721 1156 975 1208 noctem.
1062 1148 1181 1207 Sed
1223 1150 1593 1209 monentibus
1618 1149 1843 1218 amicis,
1870 1168 1943 1207 ne
1974 1149 2219 1209 militem
2245 1150 2335 1207 ni-

448 1244 580 1302 miis
601 1244 821 1321 vigiliis
843 1255 905 1304 et
929 1244 1226 1303 laboribus
1251 1244 1613 1315 debilitaret,
1628 1264 1781 1305 neve
1804 1244 2043 1303 nimium
2072 1244 2341 1305 erederet

448 1338 635 1399 infido
659 1340 829 1408 mari,
848 1340 950 1399 vix
977 1339 1216 1399 tandem
1241 1360 1304 1399 se
1327 1342 1571 1421 recepit.
1643 1340 1796 1400 Sunt
1820 1342 1927 1420 qui
1948 1339 2171 1411 dicant,
2198 1340 2337 1400 Cae-
2362 1340 2479 1389 Dio·

448 1435 598 1493 saris
623 1434 904 1495 invidiam
933 1436 1204 1507 veritum,
1229 1437 1538 1497 absolvere
1557 1438 1863 1497 victoriam
1882 1436 2156 1497 uoluisse.
2214 1437 2339 1496 Sed

449 1538 512 1588 et
533 1528 730 1589 dicere
765 1530 1004 1590 solitum
1037 1532 1188 1591 inter
1221 1532 1725 1603 familiarissimos,
1752 1540 1773 1569 ⁶
1790 1532 2108 1593 secundum
2142 1532 2339 1592 locum

451 1626 783 1685 tenentibus
807 1646 1021 1704 magna
1041 1627 1349 1707 prudentia
1375 1648 1525 1709 opus
1549 1648 1710 1688 esse:
1751 1628 1907 1689 velle
1930 1630 2085 1687 enim
2111 1648 2339 1708 praepo-

449 1728 638 1781 tentes
664 1721 962 1781 laboribus
985 1730 1046 1781 et
1083 1722 1358 1801 periculis
1393 1743 1593 1782 eorum
1620 1725 1885 1783 maxima
1905 1724 2211 1803 consequi,
2234 1722 2337 1783 sed

449 1816 564 1874 boc
587 1816 720 1875 sciri
745 1816 1024 1896 credique
1047 1818 1126 1877 ab
1149 1818 1484 1877 hominibus
1503 1819 1663 1877 nolle
1688 1838 1702 1877 ε
1728 1819 1989 1879 dandam
2012 1820 2189 1897 igitur
2214 1838 2339 1879 esse

451 1930 714 1989 operam,
741 1922 810 1970 ut
833 1912 1206 1991 perficiendis
1243 1913 1575 1991 ingentibus
1598 1914 1879 1993 operibus
1904 1922 2139 1974 strenue
2159 1914 2336 1975 desu-

453 2004 615 2077 dent,
643 2006 1035 2086 perfectorum
1058 2008 1236 2069 titulo
1261 2008 1478 2088 cupide
1503 2011 1863 2089 solerterque
1886 2010 2145 2070 cedant?

533 2110 629 2162 10.
674 2102 824 2163 Hoc
845 2104 1052 2183 proelio
1073 2104 1422 2185 Pompeius,
1447 2126 1582 2165 cum
1608 2124 1787 2165 naves
1806 2107 2101 2166 amisisset
2136 2108 2337 2185 trigin-
2364 2118 2503 2195 Oros:

455 2208 538 2271 ια,
563 2198 819 2258 hostiles·
834 2200 1097 2278 quinque
1131 2199 1503 2279 corrupisset,
1542 2199 1811 2260 laudavit
1834 2211 2031 2261 tamen
2055 2222 2211 2271 suos,
2234 2203 2341 2262 do-
2366 2184 2575 2247 Appm·
2638 2202 2645 2213 '

453 2296 758 2374 navitque,
786 2304 804 2331 ‘
829 2314 936 2374 pro
963 2296 1286 2355 victoribus
1321 2296 1434 2355 sibi
1474 2316 1599 2355 esse
1618 2298 1636 2325 '
1681 2296 1982 2376 praefatus,
2020 2304 2037 2332 ‘
2056 2298 2163 2376 qui
2205 2316 2343 2358 cum

454 2390 638 2447 tantis
675 2390 921 2449 navibus
959 2408 1130 2468 aequo
1167 2390 1368 2449 Marte
1401 2389 1811 2451 dimicassentt
1854 2410 1971 2451 uon
1998 2392 2155 2451 enim
2192 2412 2341 2473 prae-

453 2482 600 2543 lium
623 2483 806 2555 istud,
833 2484 938 2543 sed
955 2484 1260 2544 hostilium
1283 2504 1574 2545 murorum
1596 2488 2089 2565 oppugnationem
2116 2487 2327 2547 videri.

456 2576 748 2657 Subjecit‚
791 2588 810 2616 ⁶
827 2599 892 2639 se
913 2598 1146 2659 quoque
1184 2581 1422 2639 navium
1461 2599 1697 2641 suarum
1736 2580 2039 2641 altitudini
2078 2582 2343 2643 nonnihil

456 2682 841 2734 instructurum
868 2676 1036 2734 esse!
1087 2674 1336 2735 Interim
1357 2674 1582 2745 omar,
1604 2676 1707 2735 ubi
1732 2675 2011 2737 Messana
2024 2676 2343 2756 digressum
2367 2700 2487 2753 Dio.

457 2768 834 2850 Pompeium,
860 2770 1190 2849 fretumque
1213 2771 1340 2829 sine
1375 2769 1593 2831 idonea
1624 2770 1897 2831 custodia
1915 2772 2187 2833 relictum
2210 2794 2341 2833 sen-

454 2864 565 2932 sit;
607 2884 744 2925 cum
771 2866 1132 2926 Antonianis
1155 2866 1400 2926 navibus
1419 2864 1875 2927 Tauromenium
1901 2876 2097 2947 petere
2122 2870 2340 2929 consti-

457 2962 608 3021 tuit.·
669 2960 950 3021 Ceterum
1001 2960 1330 3041 Pompeius
1373 2960 1440 3020 id
1487 2962 1677 3042 ipsum
1727 2965 2115 3042 conjectans,¹
2172 2972 2339 3044 parte
2363 2978 2577 3043 Appi-n.

456 3058 694 3117 navium
723 3056 914 3135 Mylis
935 3056 1166 3125 relicta,
1193 3076 1328 3135 quoe
1367 3058 1669 3137 praesentis
1702 3058 2067 3137 imperatoris
2086 3060 2340 3139 speciem

459 3151 744 3232 Agrippae
785 3152 1085 3222 ἥιρει-επις
1143 3172 1278 3212 cum
1323 3163 1459 3234 post
1496 3153 1763 3233 pralium
1801 3154 2015 3215 leviter
2036 3166 2342 3228 coenasset,

456 3248 730 3308 continuo
760 3248 1098 3307 Messanam
1121 3248 1394 3309 redierat.
1486 3248 1757 3329 Agrippa
1780 3268 1919 3309 vero
1942 3268 2051 3329 pro
2074 3253 2347 3330 praesenti

456 3345 633 3423 copia
654 3344 842 3402 milite
865 3342 1109 3415 refecto,
1133 3342 1562 3423 Tyndaridem,
1588 3364 1723 3424 quae
1754 3344 2101 3417 dedebatur,
2126 3345 2343 3408 advec-

457 3447 572 3508 tus,
599 3439 882 3519 oppidum
905 3441 1240 3501 volentibus
1264 3440 1472 3501 incolis
1492 3442 1753 3522 recepit:
1782 3441 1887 3503 sed
1912 3462 2051 3503 mox
2079 3464 2117 3503 a
2138 3446 2343 3525 praesi-

458 3534 662 3595 diariis
681 3543 911 3594 strenue
945 3536 1342 3615 pugnantibus
1377 3539 1605 3616 ejectus
1635 3546 1743 3597 est.
1834 3538 1993 3598 Aliis
2014 3546 2213 3599 tamen
2236 3560 2343 3620 op·-

457 3630 614 3710 pidis
639 3638 876 3711 recepta
897 3642 1030 3691 suut
1052 3632 1182 3708 ejus
1204 3632 1494 3711 praesidia.
1579 3632 1817 3699 Quibus
1840 3635 2015 3695 rebus
2037 3646 2346 3697 consumta

459 3725 583 3797 die,
611 3726 720 3785 sub
749 3728 1018 3787 tenebras
1043 3726 1376 3806 pridianam
1401 3730 1715 3790 stationem
1740 3732 1997 3809 repetiit.

541 3830 640 3881 11.
681 3822 820 3883 Jam
845 3824 1048 3883 Caesar
1069 3842 1104 3881 e
1141 3822 1422 3903 Scylacio
1460 3834 1771 3905 provectus
1798 3826 2227 3906 Leucopetram
2252 3836 2343 3887 at-

459 3918 694 3997 tigerat,
749 3921 851 3994 ubi
911 3920 1256 3979 certioribus
1315 3922 1534 3981 nuntiis
1583 3920 1943 4001 Pompeium
1998 3922 2077 3981 ad
2142 3922 2343 4001 Mylas

461 4012 750 4096 Agrippae
773 4015 1128 4078 coneum
1149 4014 1384 4086 doctus,
1407 4016 1619 4076 stamit
1641 4026 1824 4077 noctu
1842 4018 2087 4079 tranire
2106 4017 2340 4089 fretum,

1001 4245 1024 4291 1
1067 4237 1369 4301 Gonia-tatur
1389 4236 1510 4287 edd.
1537 4244 1659 4288 ante
1678 4238 1830 4289 Crem
