<?xml version="1.0" encoding="UTF-8"?>
<!DOCTYPE html PUBLIC "-//W3C//DTD XHTML 1.0 Transitional//EN"
    "http://www.w3.org/TR/xhtml1/DTD/xhtml1-transitional.dtd">
<html xmlns="http://www.w3.org/1999/xhtml" xml:lang="en" lang="en">
 <head>
  <title>
</title>
<meta http-equiv="Content-Type" content="text/html;charset=utf-8" />
  <meta name='ocr-system' content='tesseract 3.04.00' />
  <meta name='ocr-capabilities' content='ocr_page ocr_carea ocr_par ocr_line ocrx_word'/>
</head>
<body>
  <div class='ocr_page' id='page_1' title='image "./tliviipatavinih09livygoog_0062.png"; bbox 0 0 3159 4959; ppageno 0'>
   <div class='ocr_carea' id='block_1_1' title="bbox 567 376 1826 443">
    <p class='ocr_par' dir='ltr' id='par_1_1' title="bbox 567 376 1826 443">
     <span class='ocr_line' id='line_1_1' title="bbox 567 376 1826 443; baseline -0.005 0"><span class='ocrx_word' id='word_1_1' title='bbox 567 376 742 443; x_wconf 74' lang='lat'><strong>6534</strong></span> <span class='ocrx_word' id='word_1_2' title='bbox 1515 390 1587 439; x_wconf 75' lang='grc' dir='ltr'><strong>τ.</strong></span> <span class='ocrx_word' id='word_1_3' title='bbox 1634 388 1826 437; x_wconf 78' lang='lat' dir='ltr'><strong>mvn</strong></span> 
     </span>
    </p>
   </div>
   <div class='ocr_carea' id='block_1_2' title="bbox 575 526 2809 3095">
    <p class='ocr_par' dir='ltr' id='par_1_2' title="bbox 575 526 2809 2998">
     <span class='ocr_line' id='line_1_2' title="bbox 893 526 2791 611; baseline -0.003 -19"><span class='ocrx_word' id='word_1_4' title='bbox 893 532 1092 611; x_wconf 81' lang='lat' dir='ltr'><strong>digitis</strong></span> <span class='ocrx_word' id='word_1_5' title='bbox 1117 540 1288 591; x_wconf 81' lang='lat' dir='ltr'><strong>natus</strong></span> <span class='ocrx_word' id='word_1_6' title='bbox 1321 538 1438 591; x_wconf 80' lang='lat' dir='ltr'><strong>es&#39;t.</strong></span> <span class='ocrx_word' id='word_1_7' title='bbox 1517 529 1593 591; x_wconf 90' lang='lat' dir='ltr'><strong>In</strong></span> <span class='ocrx_word' id='word_1_8' title='bbox 1638 528 1963 589; x_wconf 76' lang='lat' dir='ltr'>Mutinensi</span> <span class='ocrx_word' id='word_1_9' title='bbox 1998 546 2139 607; x_wconf 82' lang='lat' dir='ltr'><strong>agro</strong></span> <span class='ocrx_word' id='word_1_10' title='bbox 2166 526 2459 587; x_wconf 72' lang='lat' dir='ltr'><strong>Victoriae</strong></span> <span class='ocrx_word' id='word_1_11' title='bbox 2494 528 2791 587; x_wconf 73' lang='lat' dir='ltr'><strong>Marianae&#39;</strong></span> 
     </span>
     <span class='ocr_line' id='line_1_3' title="bbox 893 626 2790 706; baseline -0.002 -21"><span class='ocrx_word' id='word_1_12' title='bbox 893 628 1118 705; x_wconf 87' lang='lat' dir='ltr'><strong>signum</strong></span> <span class='ocrx_word' id='word_1_13' title='bbox 1146 627 1447 686; x_wconf 76' lang='lat' dir='ltr'>meridiem</span> <span class='ocrx_word' id='word_1_14' title='bbox 1473 634 1769 706; x_wconf 88' lang='lat' dir='ltr'><strong>spectans,</strong></span> <span class='ocrx_word' id='word_1_15' title='bbox 1796 644 1905 683; x_wconf 87' lang='lat' dir='ltr'><strong>sua</strong></span> <span class='ocrx_word' id='word_1_16' title='bbox 1924 634 2129 703; x_wconf 85' lang='lat' dir='ltr'><strong>sponte</strong></span> <span class='ocrx_word' id='word_1_17' title='bbox 2169 643 2510 683; x_wconf 83' lang='lat' dir='ltr'><strong>conversum</strong></span> <span class='ocrx_word' id='word_1_18' title='bbox 2556 626 2615 683; x_wconf 86' lang='lat' dir='ltr'><strong>in</strong></span> <span class='ocrx_word' id='word_1_19' title='bbox 2656 644 2790 703; x_wconf 89' lang='lat' dir='ltr'><strong>sep-</strong></span> 
     </span>
     <span class='ocr_line' id='line_1_4' title="bbox 895 718 2793 799; baseline -0.004 -15"><span class='ocrx_word' id='word_1_20' title='bbox 895 723 1258 784; x_wconf 87' lang='lat' dir='ltr'><strong>temtrionem</strong></span> <span class='ocrx_word' id='word_1_21' title='bbox 1317 722 1462 783; x_wconf 82' lang='lat' dir='ltr'><strong>hora</strong></span> <span class='ocrx_word' id='word_1_22' title='bbox 1505 728 1736 799; x_wconf 87' lang='lat' dir='ltr'><strong>quarta.</strong></span> <span class='ocrx_word' id='word_1_23' title='bbox 1820 718 2043 778; x_wconf 85' lang='lat' dir='ltr'><strong>Currus</strong></span> <span class='ocrx_word' id='word_1_24' title='bbox 2093 718 2406 789; x_wconf 66' lang='lat' dir='ltr'><strong>Minerva,</strong></span> <span class='ocrx_word' id='word_1_25' title='bbox 2462 738 2596 778; x_wconf 91' lang='lat' dir='ltr'><strong>cum</strong></span> <span class='ocrx_word' id='word_1_26' title='bbox 2657 726 2793 797; x_wconf 86' lang='lat' dir='ltr'><strong>post</strong></span> 
     </span>
     <span class='ocr_line' id='line_1_5' title="bbox 897 812 2792 895; baseline -0.003 -16"><span class='ocrx_word' id='word_1_27' title='bbox 897 818 1297 879; x_wconf 80' lang='lat' dir='ltr'><strong>decursionem</strong></span> <span class='ocrx_word' id='word_1_28' title='bbox 1325 817 1589 895; x_wconf 89' lang='lat' dir='ltr'><strong>equitum</strong></span> <span class='ocrx_word' id='word_1_29' title='bbox 1630 816 1688 873; x_wconf 88' lang='lat' dir='ltr'><strong>in</strong></span> <span class='ocrx_word' id='word_1_30' title='bbox 1718 813 2078 894; x_wconf 74' lang='lat' dir='ltr'><strong>Capitolium</strong></span> <span class='ocrx_word' id='word_1_31' title='bbox 2104 812 2497 884; x_wconf 78' lang='lat' dir='ltr'><strong>reduceretur,</strong></span> <span class='ocrx_word' id='word_1_32' title='bbox 2522 814 2792 874; x_wconf 78' lang='lat' dir='ltr'><strong>confrac-</strong></span> 
     </span>
     <span class='ocr_line' id='line_1_6' title="bbox 575 908 2793 989; baseline -0.005 -11"><span class='ocrx_word' id='word_1_33' title='bbox 575 929 706 977; x_wconf 82' lang='lat' dir='ltr'><strong>Plin.</strong></span> <span class='ocrx_word' id='word_1_34' title='bbox 724 932 878 977; x_wconf 69' lang='lat' dir='ltr'><strong>mu.</strong></span> <span class='ocrx_word' id='word_1_35' title='bbox 897 922 994 973; x_wconf 89' lang='lat' dir='ltr'><strong>tus</strong></span> <span class='ocrx_word' id='word_1_36' title='bbox 1019 922 1126 973; x_wconf 79' lang='lat' dir='ltr'><strong>est.</strong></span> <span class='ocrx_word' id='word_1_37' title='bbox 1209 912 1364 971; x_wconf 85' lang='lat' dir='ltr'><strong>Cum</strong></span> <span class='ocrx_word' id='word_1_38' title='bbox 1391 912 1518 971; x_wconf 77' lang='lat' dir='ltr'><strong>haec</strong></span> <span class='ocrx_word' id='word_1_39' title='bbox 1545 910 1801 970; x_wconf 82' lang='lat' dir='ltr'><strong>victimis</strong></span> <span class='ocrx_word' id='word_1_40' title='bbox 1824 910 2219 989; x_wconf 72' lang='lat' dir='ltr'><strong>expiarentur,</strong></span> <span class='ocrx_word' id='word_1_41' title='bbox 2242 908 2397 967; x_wconf 84' lang='lat' dir='ltr'><strong>soles</strong></span> <span class='ocrx_word' id='word_1_42' title='bbox 2423 919 2540 968; x_wconf 88' lang='lat' dir='ltr'><strong>tres</strong></span> <span class='ocrx_word' id='word_1_43' title='bbox 2563 909 2793 969; x_wconf 74' lang='lat' dir='ltr'><strong>circiter</strong></span> 
     </span>
     <span class='ocr_line' id='line_1_7' title="bbox 577 992 2795 1077; baseline -0.003 -7"><span class='ocrx_word' id='word_1_44' title='bbox 577 993 679 1041; x_wconf 65' lang='lat'>¹¹³¹·</span> <span class='ocrx_word' id='word_1_45' title='bbox 695 992 874 1057; x_wconf 51' lang='grc' dir='ltr'><strong>ΟΜ·</strong></span> <span class='ocrx_word' id='word_1_46' title='bbox 898 1010 1044 1070; x_wconf 88' lang='lat' dir='ltr'><strong>hora</strong></span> <span class='ocrx_word' id='word_1_47' title='bbox 1068 1010 1242 1069; x_wconf 86' lang='lat' dir='ltr'><strong>tertia</strong></span> <span class='ocrx_word' id='word_1_48' title='bbox 1264 1007 1383 1068; x_wconf 88' lang='lat' dir='ltr'><strong>diei</strong></span> <span class='ocrx_word' id='word_1_49' title='bbox 1411 1008 1544 1077; x_wconf 82' lang='lat' dir='ltr'><strong>visi,</strong></span> <span class='ocrx_word' id='word_1_50' title='bbox 1570 1026 1711 1065; x_wconf 87' lang='lat' dir='ltr'><strong>mox</strong></span> <span class='ocrx_word' id='word_1_51' title='bbox 1739 1008 1799 1065; x_wconf 86' lang='lat' dir='ltr'><strong>in</strong></span> <span class='ocrx_word' id='word_1_52' title='bbox 1826 1024 2005 1064; x_wconf 86' lang='lat' dir='ltr'><strong>unum</strong></span> <span class='ocrx_word' id='word_1_53' title='bbox 2047 1005 2247 1064; x_wconf 88' lang='lat' dir='ltr'><strong>orbem</strong></span> <span class='ocrx_word' id='word_1_54' title='bbox 2286 1006 2592 1065; x_wconf 84' lang='lat' dir='ltr'><strong>contracti.</strong></span> <span class='ocrx_word' id='word_1_55' title='bbox 2676 1004 2795 1063; x_wconf 86' lang='lat' dir='ltr'><strong>La-</strong></span> 
     </span>
     <span class='ocr_line' id='line_1_8' title="bbox 579 1100 2794 1183; baseline -0.003 -17"><span class='ocrx_word' id='word_1_56' title='bbox 579 1106 698 1155; x_wconf 81' lang='lat' dir='ltr'><strong>Dio.</strong></span> <span class='ocrx_word' id='word_1_57' title='bbox 869 1106 1060 1176; x_wconf 77' lang='lat' dir='ltr'><strong>-tinis,</strong></span> <span class='ocrx_word' id='word_1_58' title='bbox 1101 1124 1232 1165; x_wconf 88' lang='lat' dir='ltr'><strong>cum</strong></span> <span class='ocrx_word' id='word_1_59' title='bbox 1263 1113 1342 1163; x_wconf 89' lang='lat' dir='ltr'><strong>·et</strong></span> <span class='ocrx_word' id='word_1_60' title='bbox 1384 1114 1646 1183; x_wconf 81' lang='lat' dir='ltr'><strong>tempore</strong></span> <span class='ocrx_word' id='word_1_61' title='bbox 1692 1102 1907 1171; x_wconf 82' lang='lat' dir='ltr'><strong>alieno,</strong></span> <span class='ocrx_word' id='word_1_62' title='bbox 1948 1109 2011 1160; x_wconf 85' lang='lat' dir='ltr'><strong>et</strong></span> <span class='ocrx_word' id='word_1_63' title='bbox 2053 1121 2090 1160; x_wconf 85' lang='lat' dir='ltr'><strong>a</strong></span> <span class='ocrx_word' id='word_1_64' title='bbox 2134 1100 2415 1181; x_wconf 76' lang='lat' dir='ltr'><strong>praefecto</strong></span> <span class='ocrx_word' id='word_1_65' title='bbox 2460 1102 2641 1171; x_wconf 85' lang='lat' dir='ltr'><strong>urbis,</strong></span> <span class='ocrx_word' id='word_1_66' title='bbox 2664 1122 2794 1161; x_wconf 77' lang='lat' dir='ltr'><strong>cu-</strong></span> 
     </span>
     <span class='ocr_line' id='line_1_9' title="bbox 893 1196 2794 1281; baseline -0.001 -21"><span class='ocrx_word' id='word_1_67' title='bbox 893 1205 997 1281; x_wconf 88' lang='lat' dir='ltr'><strong>jus</strong></span> <span class='ocrx_word' id='word_1_68' title='bbox 1020 1201 1098 1260; x_wconf 79' lang='lat' dir='ltr'><strong>ad</strong></span> <span class='ocrx_word' id='word_1_69' title='bbox 1131 1220 1333 1260; x_wconf 84' lang='lat' dir='ltr'><strong>curam</strong></span> <span class='ocrx_word' id='word_1_70' title='bbox 1367 1219 1442 1259; x_wconf 86' lang='lat' dir='ltr'><strong>ea</strong></span> <span class='ocrx_word' id='word_1_71' title='bbox 1475 1198 1830 1259; x_wconf 76' lang='lat' dir='ltr'><strong>res-minime</strong></span> <span class='ocrx_word' id='word_1_72' title='bbox 1853 1198 2209 1277; x_wconf 76' lang='lat' dir='ltr'><strong>pertinebat,</strong></span> <span class='ocrx_word' id='word_1_73' title='bbox 2236 1198 2297 1255; x_wconf 87' lang='lat' dir='ltr'><strong>in</strong></span> <span class='ocrx_word' id='word_1_74' title='bbox 2326 1196 2572 1257; x_wconf 87' lang='lat' dir='ltr'><strong>Albano</strong></span> <span class='ocrx_word' id='word_1_75' title='bbox 2598 1208 2794 1259; x_wconf 84' lang='lat' dir='ltr'><strong>monte</strong></span> 
     </span>
     <span class='ocr_line' id='line_1_10' title="bbox 904 1290 2797 1371; baseline -0.002 -15"><span class='ocrx_word' id='word_1_76' title='bbox 904 1295 1350 1365; x_wconf 81' lang='lat' dir='ltr'><strong>sacrificaretur,</strong></span> <span class='ocrx_word' id='word_1_77' title='bbox 1391 1314 1469 1354; x_wconf 89' lang='lat' dir='ltr'><strong>ex</strong></span> <span class='ocrx_word' id='word_1_78' title='bbox 1511 1294 1753 1353; x_wconf 85' lang='lat' dir='ltr'><strong>humero</strong></span> <span class='ocrx_word' id='word_1_79' title='bbox 1792 1312 1866 1353; x_wconf 90' lang='lat' dir='ltr'><strong>ac</strong></span> <span class='ocrx_word' id='word_1_80' title='bbox 1910 1291 2122 1371; x_wconf 81' lang='lat' dir='ltr'><strong>pollice</strong></span> <span class='ocrx_word' id='word_1_81' title='bbox 2163 1290 2333 1351; x_wconf 83' lang='lat' dir='ltr'><strong>Jovis</strong></span> <span class='ocrx_word' id='word_1_82' title='bbox 2370 1292 2584 1353; x_wconf 81' lang='lat' dir='ltr'><strong>dextro</strong></span> <span class='ocrx_word' id='word_1_83' title='bbox 2624 1313 2797 1353; x_wconf 86' lang='lat' dir='ltr'><strong>cruor</strong></span> 
     </span>
     <span class='ocr_line' id='line_1_11' title="bbox 581 1386 2795 1469; baseline -0.001 -18"><span class='ocrx_word' id='word_1_84' title='bbox 581 1388 879 1451; x_wconf 72' lang='lat' dir='ltr'><strong>Ju1.0b0eq.</strong></span> <span class='ocrx_word' id='word_1_85' title='bbox 905 1392 1184 1451; x_wconf 67' lang='lat' dir='ltr'><strong>manavst.</strong></span> <span class='ocrx_word' id='word_1_86' title='bbox 1283 1390 1482 1451; x_wconf 82' lang='lat' dir='ltr'><strong>Fluvii</strong></span> <span class='ocrx_word' id='word_1_87' title='bbox 1529 1388 1768 1469; x_wconf 88' lang='lat' dir='ltr'><strong>quidam</strong></span> <span class='ocrx_word' id='word_1_88' title='bbox 1814 1388 1875 1447; x_wconf 89' lang='lat' dir='ltr'><strong>in</strong></span> <span class='ocrx_word' id='word_1_89' title='bbox 1919 1408 2060 1465; x_wconf 89' lang='lat' dir='ltr'><strong>agro</strong></span> <span class='ocrx_word' id='word_1_90' title='bbox 2098 1386 2379 1449; x_wconf 85' lang='lat' dir='ltr'><strong>Romano</strong></span> <span class='ocrx_word' id='word_1_91' title='bbox 2435 1387 2795 1459; x_wconf 82' lang='lat' dir='ltr'><strong>defecerunt,</strong></span> 
     </span>
     <span class='ocr_line' id='line_1_12' title="bbox 905 1482 2799 1566; baseline -0.002 -20"><span class='ocrx_word' id='word_1_92' title='bbox 905 1487 1006 1547; x_wconf 86' lang='lat' dir='ltr'><strong>alii</strong></span> <span class='ocrx_word' id='word_1_93' title='bbox 1033 1486 1330 1546; x_wconf 79' lang='lat' dir='ltr'><strong>fluxerunt</strong></span> <span class='ocrx_word' id='word_1_94' title='bbox 1353 1488 1414 1545; x_wconf 89' lang='lat' dir='ltr'><strong>in</strong></span> <span class='ocrx_word' id='word_1_95' title='bbox 1438 1487 1814 1545; x_wconf 86' lang='lat' dir='ltr'><strong>contrarium.</strong></span> <span class='ocrx_word' id='word_1_96' title='bbox 1892 1482 2123 1544; x_wconf 82' lang='lat' dir='ltr'><strong>AEdiles</strong></span> <span class='ocrx_word' id='word_1_97' title='bbox 2146 1483 2335 1566; x_wconf 82' lang='lat' dir='ltr'><strong>plebis</strong></span> <span class='ocrx_word' id='word_1_98' title='bbox 2359 1483 2514 1543; x_wconf 88' lang='lat' dir='ltr'><strong>ludis</strong></span> <span class='ocrx_word' id='word_1_99' title='bbox 2544 1484 2799 1555; x_wconf 84' lang='lat' dir='ltr'><strong>Cereris,</strong></span> 
     </span>
     <span class='ocr_line' id='line_1_13' title="bbox 907 1579 2801 1663; baseline -0.002 -22"><span class='ocrx_word' id='word_1_100' title='bbox 907 1604 1055 1663; x_wconf 89' lang='lat' dir='ltr'><strong>quos</strong></span> <span class='ocrx_word' id='word_1_101' title='bbox 1077 1584 1441 1661; x_wconf 78' lang='lat' dir='ltr'><strong>equestribus</strong></span> <span class='ocrx_word' id='word_1_102' title='bbox 1463 1582 1749 1641; x_wconf 87' lang='lat' dir='ltr'><strong>celebrari</strong></span> <span class='ocrx_word' id='word_1_103' title='bbox 1782 1579 2046 1641; x_wconf 86' lang='lat' dir='ltr'><strong>cursibus</strong></span> <span class='ocrx_word' id='word_1_104' title='bbox 2082 1579 2416 1659; x_wconf 81' lang='lat' dir='ltr'><strong>oportebat,</strong></span> <span class='ocrx_word' id='word_1_105' title='bbox 2444 1579 2801 1659; x_wconf 75' lang='lat' dir='ltr'><strong>gladiatores</strong></span> 
     </span>
     <span class='ocr_line' id='line_1_14' title="bbox 908 1678 1320 1737; baseline 0 0"><span class='ocrx_word' id='word_1_106' title='bbox 908 1678 1320 1737; x_wconf 84' lang='lat' dir='ltr'><strong>exbibuerunt.</strong></span> 
     </span>
     <span class='ocr_line' id='line_1_15' title="bbox 992 1769 2800 1851; baseline -0.002 -19"><span class='ocrx_word' id='word_1_107' title='bbox 992 1780 1053 1833; x_wconf 85' lang='lat'><strong>4.</strong></span> <span class='ocrx_word' id='word_1_108' title='bbox 1101 1772 1262 1833; x_wconf 85' lang='lat' dir='ltr'><strong>Haec</strong></span> <span class='ocrx_word' id='word_1_109' title='bbox 1301 1772 1380 1833; x_wconf 89' lang='lat' dir='ltr'><strong>ab</strong></span> <span class='ocrx_word' id='word_1_110' title='bbox 1418 1772 1748 1832; x_wconf 88' lang='lat' dir='ltr'><strong>hominibus</strong></span> <span class='ocrx_word' id='word_1_111' title='bbox 1771 1772 1977 1832; x_wconf 81' lang='lat' dir='ltr'><strong>habita</strong></span> <span class='ocrx_word' id='word_1_112' title='bbox 2001 1781 2139 1832; x_wconf 84' lang='lat' dir='ltr'><strong>sunt</strong></span> <span class='ocrx_word' id='word_1_113' title='bbox 2160 1769 2459 1833; x_wconf 83' lang='lat' dir='ltr'><strong>evertendi</strong></span> <span class='ocrx_word' id='word_1_114' title='bbox 2482 1778 2667 1829; x_wconf 86' lang='lat' dir='ltr'><strong>status</strong></span> <span class='ocrx_word' id='word_1_115' title='bbox 2690 1790 2800 1851; x_wconf 87' lang='lat' dir='ltr'><strong>po-</strong></span> 
     </span>
     <span class='ocr_line' id='line_1_16' title="bbox 911 1864 2801 1949; baseline -0.001 -22"><span class='ocrx_word' id='word_1_116' title='bbox 911 1866 1133 1948; x_wconf 87' lang='lat' dir='ltr'><strong>pularis</strong></span> <span class='ocrx_word' id='word_1_117' title='bbox 1177 1868 1433 1929; x_wconf 87' lang='lat' dir='ltr'><strong>indicia:</strong></span> <span class='ocrx_word' id='word_1_118' title='bbox 1474 1888 1609 1947; x_wconf 78' lang='lat' dir='ltr'><strong>quae</strong></span> <span class='ocrx_word' id='word_1_119' title='bbox 1654 1869 1879 1939; x_wconf 81' lang='lat' dir='ltr'><strong>referri,</strong></span> <span class='ocrx_word' id='word_1_120' title='bbox 1926 1878 2105 1947; x_wconf 81' lang='lat' dir='ltr'><strong>quam</strong></span> <span class='ocrx_word' id='word_1_121' title='bbox 2147 1868 2515 1949; x_wconf 80' lang='lat' dir='ltr'><strong>praetermitti</strong></span> <span class='ocrx_word' id='word_1_122' title='bbox 2558 1864 2801 1936; x_wconf 84' lang='lat' dir='ltr'><strong>tradita,</strong></span> 
     </span>
     <span class='ocr_line' id='line_1_17' title="bbox 911 1962 2803 2043; baseline -0.002 -21"><span class='ocrx_word' id='word_1_123' title='bbox 911 1964 1095 2022; x_wconf 85' lang='lat' dir='ltr'><strong>satius</strong></span> <span class='ocrx_word' id='word_1_124' title='bbox 1131 1973 1296 2043; x_wconf 89' lang='lat' dir='ltr'><strong>puto.</strong></span> <span class='ocrx_word' id='word_1_125' title='bbox 1377 1962 1483 2024; x_wconf 85' lang='lat' dir='ltr'><strong>Ne</strong></span> <span class='ocrx_word' id='word_1_126' title='bbox 1523 1965 1683 2023; x_wconf 88' lang='lat' dir='ltr'><strong>enim</strong></span> <span class='ocrx_word' id='word_1_127' title='bbox 1716 1964 1793 2023; x_wconf 81' lang='lat' dir='ltr'><strong>ad</strong></span> <span class='ocrx_word' id='word_1_128' title='bbox 1818 1982 2033 2023; x_wconf 82' lang='lat' dir='ltr'><strong>vanam</strong></span> <span class='ocrx_word' id='word_1_129' title='bbox 2070 1964 2537 2043; x_wconf 80' lang='lat' dir='ltr'><strong>superstitionem</strong></span> <span class='ocrx_word' id='word_1_130' title='bbox 2576 1963 2803 2021; x_wconf 76' lang='lat' dir='ltr'><strong>animos</strong></span> 
     </span>
     <span class='ocr_line' id='line_1_18' title="bbox 914 2058 2799 2138; baseline 0 -21"><span class='ocrx_word' id='word_1_131' title='bbox 914 2058 1186 2129; x_wconf 84' lang='lat' dir='ltr'><strong>illiciant,</strong></span> <span class='ocrx_word' id='word_1_132' title='bbox 1225 2080 1338 2119; x_wconf 90' lang='lat' dir='ltr'><strong>non</strong></span> <span class='ocrx_word' id='word_1_133' title='bbox 1379 2058 1637 2129; x_wconf 88' lang='lat' dir='ltr'><strong>silentio,</strong></span> <span class='ocrx_word' id='word_1_134' title='bbox 1678 2060 1779 2118; x_wconf 84' lang='lat' dir='ltr'><strong>sed</strong></span> <span class='ocrx_word' id='word_1_135' title='bbox 1822 2060 2371 2119; x_wconf 81' lang='lat' dir='ltr'><strong>commemoratione</strong></span> <span class='ocrx_word' id='word_1_136' title='bbox 2412 2058 2607 2138; x_wconf 88' lang='lat' dir='ltr'><strong>poti-us</strong></span> <span class='ocrx_word' id='word_1_137' title='bbox 2646 2059 2799 2118; x_wconf 83' lang='lat' dir='ltr'><strong>obti-</strong></span> 
     </span>
     <span class='ocr_line' id='line_1_19' title="bbox 915 2154 2803 2234; baseline 0 -21"><span class='ocrx_word' id='word_1_138' title='bbox 915 2174 1078 2225; x_wconf 84' lang='lat' dir='ltr'><strong>neas,</strong></span> <span class='ocrx_word' id='word_1_139' title='bbox 1105 2154 1282 2215; x_wconf 88' lang='lat' dir='ltr'><strong>modo</strong></span> <span class='ocrx_word' id='word_1_140' title='bbox 1307 2156 1450 2234; x_wconf 91' lang='lat' dir='ltr'><strong>quid</strong></span> <span class='ocrx_word' id='word_1_141' title='bbox 1473 2157 1559 2215; x_wconf 90' lang='lat' dir='ltr'><strong>eis</strong></span> <span class='ocrx_word' id='word_1_142' title='bbox 1579 2154 1657 2215; x_wconf 88' lang='lat' dir='ltr'><strong>de</strong></span> <span class='ocrx_word' id='word_1_143' title='bbox 1683 2156 1857 2214; x_wconf 82' lang='lat' dir='ltr'><strong>rebus</strong></span> <span class='ocrx_word' id='word_1_144' title='bbox 1887 2156 2077 2215; x_wconf 83' lang='lat' dir='ltr'><strong>teneri</strong></span> <span class='ocrx_word' id='word_1_145' title='bbox 2115 2155 2335 2215; x_wconf 85' lang='lat' dir='ltr'><strong>rectius</strong></span> <span class='ocrx_word' id='word_1_146' title='bbox 2358 2155 2437 2214; x_wconf 90' lang='lat' dir='ltr'><strong>sit</strong></span> <span class='ocrx_word' id='word_1_147' title='bbox 2462 2154 2803 2214; x_wconf 84' lang='lat' dir='ltr'><strong>ostenderis.</strong></span> 
     </span>
     <span class='ocr_line' id='line_1_20' title="bbox 916 2248 2803 2329; baseline 0 -20"><span class='ocrx_word' id='word_1_148' title='bbox 916 2248 1058 2310; x_wconf 86' lang='lat' dir='ltr'><strong>Nec</strong></span> <span class='ocrx_word' id='word_1_149' title='bbox 1084 2251 1241 2309; x_wconf 87' lang='lat' dir='ltr'><strong>enim</strong></span> <span class='ocrx_word' id='word_1_150' title='bbox 1265 2250 1541 2321; x_wconf 86' lang='lat' dir='ltr'><strong>tacendo,</strong></span> <span class='ocrx_word' id='word_1_151' title='bbox 1569 2259 1637 2309; x_wconf 90' lang='lat' dir='ltr'><strong>ut</strong></span> <span class='ocrx_word' id='word_1_152' title='bbox 1664 2250 1765 2309; x_wconf 86' lang='lat' dir='ltr'><strong>alii</strong></span> <span class='ocrx_word' id='word_1_153' title='bbox 1790 2270 2023 2329; x_wconf 88' lang='lat' dir='ltr'><strong>quoque</strong></span> <span class='ocrx_word' id='word_1_154' title='bbox 2050 2251 2475 2320; x_wconf 83' lang='lat' dir='ltr'><strong>obmutescant,</strong></span> <span class='ocrx_word' id='word_1_155' title='bbox 2502 2248 2803 2309; x_wconf 81' lang='lat' dir='ltr'><strong>effeceris:</strong></span> 
     </span>
     <span class='ocr_line' id='line_1_21' title="bbox 913 2344 2804 2425; baseline 0.001 -21"><span class='ocrx_word' id='word_1_156' title='bbox 913 2353 980 2404; x_wconf 84' lang='lat' dir='ltr'><strong>et</strong></span> <span class='ocrx_word' id='word_1_157' title='bbox 1003 2354 1240 2425; x_wconf 76' lang='lat' dir='ltr'><strong>praestat</strong></span> <span class='ocrx_word' id='word_1_158' title='bbox 1259 2346 1390 2406; x_wconf 79' lang='lat' dir='ltr'><strong>haec</strong></span> <span class='ocrx_word' id='word_1_159' title='bbox 1417 2346 1494 2407; x_wconf 88' lang='lat' dir='ltr'><strong>ab</strong></span> <span class='ocrx_word' id='word_1_160' title='bbox 1518 2346 1614 2406; x_wconf 88' lang='lat' dir='ltr'><strong>his</strong></span> <span class='ocrx_word' id='word_1_161' title='bbox 1650 2347 1893 2418; x_wconf 83' lang='lat' dir='ltr'><strong>narrari,</strong></span> <span class='ocrx_word' id='word_1_162' title='bbox 1922 2348 2023 2425; x_wconf 89' lang='lat' dir='ltr'><strong>qui</strong></span> <span class='ocrx_word' id='word_1_163' title='bbox 2058 2345 2280 2407; x_wconf 88' lang='lat' dir='ltr'><strong>talibus</strong></span> <span class='ocrx_word' id='word_1_164' title='bbox 2313 2364 2431 2405; x_wconf 83' lang='lat' dir='ltr'><strong>non</strong></span> <span class='ocrx_word' id='word_1_165' title='bbox 2475 2344 2606 2425; x_wconf 88' lang='lat' dir='ltr'><strong>plus</strong></span> <span class='ocrx_word' id='word_1_166' title='bbox 2636 2348 2804 2424; x_wconf 86' lang='lat' dir='ltr'><strong>justo</strong></span> 
     </span>
     <span class='ocr_line' id='line_1_22' title="bbox 917 2438 2803 2511; baseline 0 -10"><span class='ocrx_word' id='word_1_167' title='bbox 917 2440 1169 2501; x_wconf 87' lang='lat' dir='ltr'><strong>tribuere</strong></span> <span class='ocrx_word' id='word_1_168' title='bbox 1204 2439 1556 2500; x_wconf 83' lang='lat' dir='ltr'><strong>didicerunt.</strong></span> <span class='ocrx_word' id='word_1_169' title='bbox 1641 2439 1811 2499; x_wconf 84' lang='lat' dir='ltr'><strong>Nam</strong></span> <span class='ocrx_word' id='word_1_170' title='bbox 1852 2447 1915 2499; x_wconf 89' lang='lat' dir='ltr'><strong>et</strong></span> <span class='ocrx_word' id='word_1_171' title='bbox 1950 2443 2035 2501; x_wconf 90' lang='lat' dir='ltr'><strong>sic</strong></span> <span class='ocrx_word' id='word_1_172' title='bbox 2074 2449 2311 2501; x_wconf 84' lang='lat' dir='ltr'><strong>narrata</strong></span> <span class='ocrx_word' id='word_1_173' title='bbox 2348 2460 2483 2501; x_wconf 87' lang='lat' dir='ltr'><strong>cum</strong></span> <span class='ocrx_word' id='word_1_174' title='bbox 2522 2438 2803 2511; x_wconf 82' lang='lat' dir='ltr'><strong>remedio,</strong></span> 
     </span>
     <span class='ocr_line' id='line_1_23' title="bbox 917 2520 2803 2615; baseline 0.001 -24"><span class='ocrx_word' id='word_1_175' title='bbox 917 2535 1159 2593; x_wconf 87' lang='lat' dir='ltr'><strong>innoxia</strong></span> <span class='ocrx_word' id='word_1_176' title='bbox 1200 2534 1417 2593; x_wconf 79' lang='lat' dir='ltr'><strong>intrant</strong></span> <span class='ocrx_word' id='word_1_177' title='bbox 1455 2535 1703 2603; x_wconf 87' lang='lat' dir='ltr'><strong>animos,</strong></span> <span class='ocrx_word' id='word_1_178' title='bbox 1746 2544 1809 2594; x_wconf 92' lang='lat' dir='ltr'><strong>et</strong></span> <span class='ocrx_word' id='word_1_179' title='bbox 1846 2520 2281 2615; x_wconf 56' lang='lat' dir='ltr'><strong>saepius&#39;lecta,</strong></span> <span class='ocrx_word' id='word_1_180' title='bbox 2308 2538 2357 2596; x_wconf 86' lang='lat' dir='ltr'><strong>si</strong></span> <span class='ocrx_word' id='word_1_181' title='bbox 2400 2535 2551 2595; x_wconf 78' lang='lat' dir='ltr'><strong>forte</strong></span> <span class='ocrx_word' id='word_1_182' title='bbox 2590 2537 2803 2594; x_wconf 86' lang='lat' dir='ltr'><strong>iterum</strong></span> 
     </span>
     <span class='ocr_line' id='line_1_24' title="bbox 595 2628 2807 2709; baseline 0.004 -29"><span class='ocrx_word' id='word_1_183' title='bbox 595 2632 722 2709; x_wconf 66' lang='lat' dir='ltr'><strong>rlpr.</strong></span> <span class='ocrx_word' id='word_1_184' title='bbox 746 2650 818 2684; x_wconf 77' lang='lat' dir='ltr'><strong>xv.</strong></span> <span class='ocrx_word' id='word_1_185' title='bbox 841 2637 893 2683; x_wconf 77' lang='grc'><strong>7.</strong></span> <span class='ocrx_word' id='word_1_186' title='bbox 919 2628 1253 2699; x_wconf 87' lang='lat' dir='ltr'><strong>inciderint,</strong></span> <span class='ocrx_word' id='word_1_187' title='bbox 1305 2631 1436 2709; x_wconf 85' lang='lat' dir='ltr'><strong>ipsa</strong></span> <span class='ocrx_word' id='word_1_188' title='bbox 1493 2630 1907 2691; x_wconf 85' lang='lat' dir='ltr'><strong>consuetudine</strong></span> <span class='ocrx_word' id='word_1_189' title='bbox 1960 2631 2147 2692; x_wconf 81' lang='lat' dir='ltr'><strong>levius</strong></span> <span class='ocrx_word' id='word_1_190' title='bbox 2196 2634 2489 2693; x_wconf 88' lang='lat' dir='ltr'><strong>timentur.</strong></span> <span class='ocrx_word' id='word_1_191' title='bbox 2569 2630 2693 2691; x_wconf 88' lang='lat' dir='ltr'><strong>Sed</strong></span> <span class='ocrx_word' id='word_1_192' title='bbox 2745 2632 2807 2689; x_wconf 81' lang='lat' dir='ltr'><strong>in</strong></span> 
     </span>
     <span class='ocr_line' id='line_1_25' title="bbox 628 2714 2809 2810; baseline 0.001 -27"><span class='ocrx_word' id='word_1_193' title='bbox 628 2714 826 2810; x_wconf 42' lang='grc' dir='ltr'><strong>ἔξω,</strong></span> <span class='ocrx_word' id='word_1_194' title='bbox 920 2723 1175 2784; x_wconf 69' lang='lat' dir='ltr'><strong>Caesaris</strong></span> <span class='ocrx_word' id='word_1_195' title='bbox 1209 2726 1417 2785; x_wconf 88' lang='lat' dir='ltr'><strong>castris</strong></span> <span class='ocrx_word' id='word_1_196' title='bbox 1455 2726 1721 2805; x_wconf 83' lang='lat' dir='ltr'><strong>auspicia</strong></span> <span class='ocrx_word' id='word_1_197' title='bbox 1758 2736 2015 2806; x_wconf 75' lang='lat' dir='ltr'><strong>extaque</strong></span> <span class='ocrx_word' id='word_1_198' title='bbox 2051 2728 2193 2787; x_wconf 87' lang='lat' dir='ltr'><strong>laeta</strong></span> <span class='ocrx_word' id='word_1_199' title='bbox 2231 2736 2421 2799; x_wconf 83' lang='lat' dir='ltr'><strong>erant,</strong></span> <span class='ocrx_word' id='word_1_200' title='bbox 2447 2728 2675 2807; x_wconf 82' lang='lat' dir='ltr'><strong>ipsique</strong></span> <span class='ocrx_word' id='word_1_201' title='bbox 2702 2744 2809 2805; x_wconf 88' lang='lat' dir='ltr'><strong>per</strong></span> 
     </span>
     <span class='ocr_line' id='line_1_26' title="bbox 598 2820 2809 2998; baseline -0.005 -21"><span class='ocrx_word' id='word_1_202' title='bbox 598 2824 728 2939; x_wconf 54' lang='lat'><strong>12³³·</strong></span> <span class='ocrx_word' id='word_1_203' title='bbox 748 2830 834 2876; x_wconf 74' lang='lat'><strong>⁹⁶·</strong></span> <span class='ocrx_word' id='word_1_204' title='bbox 921 2820 1408 2988; x_wconf 50' lang='lat' dir='ltr'><strong>,dmm</strong></span> <span class='ocrx_word' id='word_1_205' title='bbox 1427 2822 2657 2998; x_wconf 55' lang='lat' dir='ltr'><strong>ssstssqzfffflzzzfflzffsx</strong></span> <span class='ocrx_word' id='word_1_206' title='bbox 2680 2822 2809 2981; x_wconf 62' lang='lat'><strong>33:</strong></span> 
     </span>
    </p>

    <p class='ocr_par' dir='ltr' id='par_1_3' title="bbox 923 3012 2806 3095">
     <span class='ocr_line' id='line_1_27' title="bbox 923 3012 2806 3095; baseline 0.001 -21"><span class='ocrx_word' id='word_1_207' title='bbox 923 3022 1078 3074; x_wconf 88' lang='lat' dir='ltr'><strong>tator</strong></span> <span class='ocrx_word' id='word_1_208' title='bbox 1101 3014 1224 3094; x_wconf 82' lang='lat' dir='ltr'><strong>ipse</strong></span> <span class='ocrx_word' id='word_1_209' title='bbox 1253 3015 1613 3092; x_wconf 82' lang='lat' dir='ltr'><strong>gestavisset.</strong></span> <span class='ocrx_word' id='word_1_210' title='bbox 1698 3012 1892 3093; x_wconf 79' lang='lat' dir='ltr'><strong>Igitur</strong></span> <span class='ocrx_word' id='word_1_211' title='bbox 1915 3015 2193 3075; x_wconf 86' lang='lat' dir='ltr'><strong>annulum</strong></span> <span class='ocrx_word' id='word_1_212' title='bbox 2219 3018 2347 3095; x_wconf 85' lang='lat' dir='ltr'><strong>ejus</strong></span> <span class='ocrx_word' id='word_1_213' title='bbox 2372 3016 2567 3075; x_wconf 86' lang='lat' dir='ltr'><strong>induit</strong></span> <span class='ocrx_word' id='word_1_214' title='bbox 2586 3016 2806 3086; x_wconf 84' lang='lat' dir='ltr'><strong>statim,</strong></span> 
     </span>
    </p>
   </div>
   <div class='ocr_carea' id='block_1_3' title="bbox 601 3108 2814 3287">
    <p class='ocr_par' dir='ltr' id='par_1_4' title="bbox 601 3108 2814 3287">
     <span class='ocr_line' id='line_1_28' title="bbox 923 3108 2810 3191; baseline 0.001 -22"><span class='ocrx_word' id='word_1_215' title='bbox 923 3130 1112 3189; x_wconf 90' lang='lat' dir='ltr'><strong>eoque</strong></span> <span class='ocrx_word' id='word_1_216' title='bbox 1129 3118 1334 3191; x_wconf 86' lang='lat' dir='ltr'><strong>postea</strong></span> <span class='ocrx_word' id='word_1_217' title='bbox 1351 3130 1586 3190; x_wconf 87' lang='lat' dir='ltr'><strong>quoque</strong></span> <span class='ocrx_word' id='word_1_218' title='bbox 1610 3108 1947 3189; x_wconf 78' lang='lat' dir='ltr'><strong>frequenter</strong></span> <span class='ocrx_word' id='word_1_219' title='bbox 1970 3119 2060 3170; x_wconf 89' lang='lat' dir='ltr'><strong>est</strong></span> <span class='ocrx_word' id='word_1_220' title='bbox 2082 3130 2236 3171; x_wconf 68' lang='lat' dir='ltr'><strong>tusus.</strong></span> <span class='ocrx_word' id='word_1_221' title='bbox 2322 3110 2443 3171; x_wconf 87' lang='lat' dir='ltr'><strong>Sed</strong></span> <span class='ocrx_word' id='word_1_222' title='bbox 2466 3119 2529 3170; x_wconf 90' lang='lat' dir='ltr'><strong>et</strong></span> <span class='ocrx_word' id='word_1_223' title='bbox 2554 3110 2810 3171; x_wconf 77' lang='lat' dir='ltr'><strong>medicus</strong></span> 
     </span>
     <span class='ocr_line' id='line_1_29' title="bbox 601 3199 2814 3287; baseline 0 -22"><span class='ocrx_word' id='word_1_224' title='bbox 601 3199 902 3274; x_wconf 62' lang='lat' dir='ltr'><strong>vell-¹¹:⁷⁰·</strong></span> <span class='ocrx_word' id='word_1_225' title='bbox 924 3207 1054 3284; x_wconf 86' lang='lat' dir='ltr'><strong>ejus</strong></span> <span class='ocrx_word' id='word_1_226' title='bbox 1079 3206 1356 3266; x_wconf 85' lang='lat' dir='ltr'><strong>Artorius</strong></span> <span class='ocrx_word' id='word_1_227' title='bbox 1379 3206 1729 3283; x_wconf 84' lang='lat' dir='ltr'><strong>imaginatus</strong></span> <span class='ocrx_word' id='word_1_228' title='bbox 1750 3214 1861 3275; x_wconf 88' lang='lat' dir='ltr'><strong>est,</strong></span> <span class='ocrx_word' id='word_1_229' title='bbox 1898 3224 1939 3265; x_wconf 90' lang='lat' dir='ltr'><strong>a</strong></span> <span class='ocrx_word' id='word_1_230' title='bbox 1974 3204 2250 3265; x_wconf 80' lang='lat' dir='ltr'><strong>Minerva</strong></span> <span class='ocrx_word' id='word_1_231' title='bbox 2286 3207 2401 3266; x_wconf 89' lang='lat' dir='ltr'><strong>sibi</strong></span> <span class='ocrx_word' id='word_1_232' title='bbox 2441 3206 2705 3287; x_wconf 74' lang='lat' dir='ltr'><strong>praecipi,</strong></span> <span class='ocrx_word' id='word_1_233' title='bbox 2744 3215 2814 3266; x_wconf 85' lang='lat' dir='ltr'><strong>ut</strong></span> 
     </span>
    </p>
   </div>
   <div class='ocr_carea' id='block_1_4' title="bbox 524 3262 866 3312">
    <p class='ocr_par' dir='ltr' id='par_1_5' title="bbox 524 3262 866 3312">
     <span class='ocr_line' id='line_1_30' title="bbox 524 3262 866 3312; baseline 0.003 -2"><span class='ocrx_word' id='word_1_234' title='bbox 524 3296 533 3305; x_wconf 87' lang='lat'><strong><em>.</em></strong></span> <span class='ocrx_word' id='word_1_235' title='bbox 601 3262 728 3311; x_wconf 76' lang='lat' dir='ltr'><strong>Plor.</strong></span> <span class='ocrx_word' id='word_1_236' title='bbox 751 3262 866 3312; x_wconf 68' lang='lat' dir='ltr'><strong>Dio.</strong></span> 
     </span>
    </p>
   </div>
   <div class='ocr_carea' id='block_1_5' title="bbox 635 3300 2813 3377">
    <p class='ocr_par' dir='ltr' id='par_1_6' title="bbox 635 3300 2813 3377">
     <span class='ocr_line' id='line_1_31' title="bbox 635 3300 2813 3377; baseline -0.001 -14"><span class='ocrx_word' id='word_1_237' title='bbox 635 3328 781 3377; x_wconf 78' lang='lat' dir='ltr'><strong>Oros.</strong></span> <span class='ocrx_word' id='word_1_238' title='bbox 805 3342 879 3376; x_wconf 72' lang='lat' dir='ltr'><strong>vs.</strong></span> <span class='ocrx_word' id='word_1_239' title='bbox 927 3302 1246 3371; x_wconf 76' lang='lat' dir='ltr'><strong>Caesarem,</strong></span> <span class='ocrx_word' id='word_1_240' title='bbox 1288 3301 1429 3361; x_wconf 86' lang='lat' dir='ltr'><strong>licet</strong></span> <span class='ocrx_word' id='word_1_241' title='bbox 1469 3301 1792 3361; x_wconf 82' lang='lat' dir='ltr'><strong>invalidum</strong></span> <span class='ocrx_word' id='word_1_242' title='bbox 1832 3300 2046 3371; x_wconf 82' lang='lat' dir='ltr'><strong>adhuc,</strong></span> <span class='ocrx_word' id='word_1_243' title='bbox 2088 3300 2363 3362; x_wconf 87' lang='lat' dir='ltr'><strong>educeret</strong></span> <span class='ocrx_word' id='word_1_244' title='bbox 2401 3304 2607 3363; x_wconf 87' lang='lat' dir='ltr'><strong>castris</strong></span> <span class='ocrx_word' id='word_1_245' title='bbox 2648 3312 2711 3362; x_wconf 89' lang='lat' dir='ltr'><strong>et</strong></span> <span class='ocrx_word' id='word_1_246' title='bbox 2753 3302 2813 3360; x_wconf 87' lang='lat' dir='ltr'><strong>in</strong></span> 
     </span>
    </p>
   </div>
   <div class='ocr_carea' id='block_1_6' title="bbox 605 3395 2813 3519">
    <p class='ocr_par' dir='ltr' id='par_1_7' title="bbox 605 3395 2813 3519">
     <span class='ocr_line' id='line_1_32' title="bbox 605 3395 2813 3519; baseline 0.003 -67"><span class='ocrx_word' id='word_1_247' title='bbox 605 3395 848 3519; x_wconf 56' lang='lat' dir='ltr'><strong>lg’ppinn.</strong></span> <span class='ocrx_word' id='word_1_248' title='bbox 928 3398 1056 3455; x_wconf 87' lang='lat' dir='ltr'><strong>acie</strong></span> <span class='ocrx_word' id='word_1_249' title='bbox 1081 3395 1437 3455; x_wconf 76' lang='lat' dir='ltr'><strong>collocaret:</strong></span> <span class='ocrx_word' id='word_1_250' title='bbox 1477 3416 1670 3474; x_wconf 86' lang='lat' dir='ltr'><strong>eaque</strong></span> <span class='ocrx_word' id='word_1_251' title='bbox 1710 3416 1801 3455; x_wconf 89' lang='lat' dir='ltr'><strong>res</strong></span> <span class='ocrx_word' id='word_1_252' title='bbox 1830 3414 1949 3455; x_wconf 87' lang='lat' dir='ltr'><strong>non</strong></span> <span class='ocrx_word' id='word_1_253' title='bbox 1973 3406 2169 3476; x_wconf 87' lang='lat' dir='ltr'><strong>spreta</strong></span> <span class='ocrx_word' id='word_1_254' title='bbox 2192 3398 2271 3457; x_wconf 84' lang='lat' dir='ltr'><strong>ab</strong></span> <span class='ocrx_word' id='word_1_255' title='bbox 2298 3397 2693 3469; x_wconf 78' lang='lat' dir='ltr'><strong>adolescente,</strong></span> <span class='ocrx_word' id='word_1_256' title='bbox 2716 3416 2813 3458; x_wconf 79' lang='lat' dir='ltr'><strong>sa-</strong></span> 
     </span>
    </p>
   </div>
   <div class='ocr_carea' id='block_1_7' title="bbox 608 3490 2276 3582">
    <p class='ocr_par' dir='ltr' id='par_1_8' title="bbox 608 3490 2276 3582">
     <span class='ocr_line' id='line_1_33' title="bbox 608 3490 2276 3582; baseline 0.001 -30"><span class='ocrx_word' id='word_1_257' title='bbox 608 3534 659 3582; x_wconf 84' lang='lat' dir='ltr'><strong>p.</strong></span> <span class='ocrx_word' id='word_1_258' title='bbox 679 3522 796 3569; x_wconf 75' lang='lat'><strong>653.</strong></span> <span class='ocrx_word' id='word_1_259' title='bbox 928 3490 1168 3551; x_wconf 90' lang='lat' dir='ltr'><strong>lubriter</strong></span> <span class='ocrx_word' id='word_1_260' title='bbox 1189 3494 1248 3551; x_wconf 89' lang='lat' dir='ltr'><strong>ei</strong></span> <span class='ocrx_word' id='word_1_261' title='bbox 1271 3491 1466 3563; x_wconf 86' lang='lat' dir='ltr'><strong>cessit,</strong></span> <span class='ocrx_word' id='word_1_262' title='bbox 1494 3501 1561 3550; x_wconf 90' lang='lat' dir='ltr'><strong>ut</strong></span> <span class='ocrx_word' id='word_1_263' title='bbox 1586 3500 1789 3572; x_wconf 84' lang='lat' dir='ltr'><strong>postea</strong></span> <span class='ocrx_word' id='word_1_264' title='bbox 1812 3493 2276 3554; x_wconf 73' lang='lat' dir='ltr'><strong>memorabimus.</strong></span> 
     </span>
    </p>
   </div>
   <div class='ocr_carea' id='block_1_8' title="bbox 605 3583 2815 3697">
    <p class='ocr_par' dir='ltr' id='par_1_9' title="bbox 605 3583 2815 3697">
     <span class='ocr_line' id='line_1_34' title="bbox 605 3583 2815 3697; baseline 0.004 -56"><span class='ocrx_word' id='word_1_265' title='bbox 605 3583 768 3697; x_wconf 51' lang='lat'><strong>421311·</strong></span> <span class='ocrx_word' id='word_1_266' title='bbox 807 3597 904 3629; x_wconf 83' lang='lat' dir='ltr'><strong>vu.</strong></span> <span class='ocrx_word' id='word_1_267' title='bbox 1009 3594 1068 3645; x_wconf 79' lang='lat'><strong>5.</strong></span> <span class='ocrx_word' id='word_1_268' title='bbox 1112 3586 1350 3646; x_wconf 77' lang='lat' dir='ltr'><strong>Interea</strong></span> <span class='ocrx_word' id='word_1_269' title='bbox 1375 3586 1637 3657; x_wconf 80' lang='lat' dir='ltr'><strong>Cassius,</strong></span> <span class='ocrx_word' id='word_1_270' title='bbox 1667 3597 1881 3649; x_wconf 90' lang='lat' dir='ltr'><strong>terrore</strong></span> <span class='ocrx_word' id='word_1_271' title='bbox 1906 3588 2297 3669; x_wconf 80' lang='lat' dir='ltr'><strong>prodigiorum</strong></span> <span class='ocrx_word' id='word_1_272' title='bbox 2326 3588 2587 3649; x_wconf 86' lang='lat' dir='ltr'><strong>nonnihil</strong></span> <span class='ocrx_word' id='word_1_273' title='bbox 2610 3588 2815 3668; x_wconf 86' lang='lat' dir='ltr'><strong>dejec-</strong></span> 
     </span>
    </p>
   </div>
   <div class='ocr_carea' id='block_1_9' title="bbox 639 3682 2821 3765">
    <p class='ocr_par' dir='ltr' id='par_1_10' title="bbox 639 3682 2821 3765">
     <span class='ocr_line' id='line_1_35' title="bbox 639 3682 2821 3765; baseline -0 -20"><span class='ocrx_word' id='word_1_274' title='bbox 639 3711 837 3760; x_wconf 57' lang='lat' dir='ltr'><strong>&amp;emm</strong></span> <span class='ocrx_word' id='word_1_275' title='bbox 927 3693 1020 3743; x_wconf 89' lang='lat' dir='ltr'><strong>tos</strong></span> <span class='ocrx_word' id='word_1_276' title='bbox 1043 3682 1292 3745; x_wconf 88' lang='lat' dir='ltr'><strong>militum</strong></span> <span class='ocrx_word' id='word_1_277' title='bbox 1319 3684 1541 3743; x_wconf 83' lang='lat' dir='ltr'><strong>animos</strong></span> <span class='ocrx_word' id='word_1_278' title='bbox 1564 3704 1825 3755; x_wconf 88' lang='lat' dir='ltr'><strong>cernens,</strong></span> <span class='ocrx_word' id='word_1_279' title='bbox 1852 3685 2037 3763; x_wconf 83' lang='lat' dir='ltr'><strong>magis</strong></span> <span class='ocrx_word' id='word_1_280' title='bbox 2062 3685 2362 3765; x_wconf 80' lang='lat' dir='ltr'><strong>magisque</strong></span> <span class='ocrx_word' id='word_1_281' title='bbox 2388 3685 2644 3746; x_wconf 82' lang='lat' dir='ltr'><strong>ducendi</strong></span> <span class='ocrx_word' id='word_1_282' title='bbox 2668 3684 2821 3745; x_wconf 87' lang='lat' dir='ltr'><strong>belli</strong></span> 
     </span>
    </p>
   </div>
   <div class='ocr_carea' id='block_1_10' title="bbox 608 3764 2818 3887">
    <p class='ocr_par' dir='ltr' id='par_1_11' title="bbox 608 3764 2818 3887">
     <span class='ocr_line' id='line_1_36' title="bbox 608 3764 2818 3887; baseline 0.001 -51"><span class='ocrx_word' id='word_1_283' title='bbox 608 3776 892 3887; x_wconf 49' lang='grc' dir='ltr'><strong>Αῑξιξὶθέἑω</strong></span> <span class='ocrx_word' id='word_1_284' title='bbox 930 3788 1136 3839; x_wconf 83' lang='lat' dir='ltr'><strong>auctor</strong></span> <span class='ocrx_word' id='word_1_285' title='bbox 1160 3780 1471 3840; x_wconf 81' lang='lat' dir='ltr'><strong>existebat.</strong></span> <span class='ocrx_word' id='word_1_286' title='bbox 1557 3764 1803 3850; x_wconf 78' lang='lat' dir='ltr'><strong>Contra,</strong></span> <span class='ocrx_word' id='word_1_287' title='bbox 1831 3782 1931 3859; x_wconf 90' lang='lat' dir='ltr'><strong>qui</strong></span> <span class='ocrx_word' id='word_1_288' title='bbox 1972 3782 2131 3861; x_wconf 87' lang='lat' dir='ltr'><strong>apud</strong></span> <span class='ocrx_word' id='word_1_289' title='bbox 2174 3782 2426 3841; x_wconf 88' lang='lat' dir='ltr'><strong>Brutum</strong></span> <span class='ocrx_word' id='word_1_290' title='bbox 2450 3790 2641 3851; x_wconf 85' lang='lat' dir='ltr'><strong>erant,</strong></span> <span class='ocrx_word' id='word_1_291' title='bbox 2666 3781 2818 3840; x_wconf 83' lang='lat' dir='ltr'><strong>levi-</strong></span> 
     </span>
    </p>
   </div>
   <div class='ocr_carea' id='block_1_11' title="bbox 611 3876 2821 4138">
    <p class='ocr_par' dir='ltr' id='par_1_12' title="bbox 611 3876 2821 4138">
     <span class='ocr_line' id='line_1_37' title="bbox 612 3876 2818 3957; baseline 0.001 -22"><span class='ocrx_word' id='word_1_292' title='bbox 612 3910 662 3949; x_wconf 81' lang='lat' dir='ltr'><strong>et</strong></span> <span class='ocrx_word' id='word_1_293' title='bbox 683 3902 866 3953; x_wconf 79' lang='lat' dir='ltr'><strong>Anton.</strong></span> <span class='ocrx_word' id='word_1_294' title='bbox 932 3876 1044 3935; x_wconf 85' lang='lat' dir='ltr'><strong>bus</strong></span> <span class='ocrx_word' id='word_1_295' title='bbox 1079 3877 1341 3955; x_wconf 86' lang='lat' dir='ltr'><strong>equitum</strong></span> <span class='ocrx_word' id='word_1_296' title='bbox 1385 3876 1626 3956; x_wconf 84' lang='lat' dir='ltr'><strong>praeliis,</strong></span> <span class='ocrx_word' id='word_1_297' title='bbox 1652 3896 1787 3957; x_wconf 80' lang='lat' dir='ltr'><strong>quae</strong></span> <span class='ocrx_word' id='word_1_298' title='bbox 1826 3896 2095 3957; x_wconf 84' lang='lat' dir='ltr'><strong>prospere</strong></span> <span class='ocrx_word' id='word_1_299' title='bbox 2140 3885 2457 3947; x_wconf 86' lang='lat' dir='ltr'><strong>cesserant,</strong></span> <span class='ocrx_word' id='word_1_300' title='bbox 2500 3877 2663 3946; x_wconf 85' lang='lat' dir='ltr'><strong>elati,</strong></span> <span class='ocrx_word' id='word_1_301' title='bbox 2704 3878 2818 3937; x_wconf 88' lang='lat' dir='ltr'><strong>nisi</strong></span> 
     </span>
     <span class='ocr_line' id='line_1_38' title="bbox 611 3966 2821 4079; baseline 0.001 -49"><span class='ocrx_word' id='word_1_302' title='bbox 611 3966 741 4079; x_wconf 50' lang='grc' dir='ltr'><strong>Ῑὲιῗ·</strong></span> <span class='ocrx_word' id='word_1_303' title='bbox 774 3967 908 4017; x_wconf 80' lang='lat' dir='ltr'><strong>Brut.</strong></span> <span class='ocrx_word' id='word_1_304' title='bbox 933 3973 1052 4031; x_wconf 81' lang='lat' dir='ltr'><strong>cito</strong></span> <span class='ocrx_word' id='word_1_305' title='bbox 1095 3971 1168 4031; x_wconf 87' lang='lat' dir='ltr'><strong>de</strong></span> <span class='ocrx_word' id='word_1_306' title='bbox 1215 3991 1443 4032; x_wconf 87' lang='lat' dir='ltr'><strong>summa</strong></span> <span class='ocrx_word' id='word_1_307' title='bbox 1485 3991 1675 4032; x_wconf 88' lang='lat' dir='ltr'><strong>rerum</strong></span> <span class='ocrx_word' id='word_1_308' title='bbox 1722 3971 2117 4043; x_wconf 84' lang='lat' dir='ltr'><strong>dimicaretur,</strong></span> <span class='ocrx_word' id='word_1_309' title='bbox 2160 3972 2337 4033; x_wconf 87' lang='lat' dir='ltr'><strong>alium</strong></span> <span class='ocrx_word' id='word_1_310' title='bbox 2384 3972 2504 4033; x_wconf 87' lang='lat' dir='ltr'><strong>alio</strong></span> <span class='ocrx_word' id='word_1_311' title='bbox 2558 3974 2821 4035; x_wconf 86' lang='lat' dir='ltr'><strong>abituros</strong></span> 
     </span>
     <span class='ocr_line' id='line_1_39' title="bbox 933 4066 2821 4138; baseline -0.001 -11"><span class='ocrx_word' id='word_1_312' title='bbox 933 4067 1368 4127; x_wconf 89' lang='lat' dir='ltr'><strong>minitabantur.</strong></span> <span class='ocrx_word' id='word_1_313' title='bbox 1427 4066 1587 4127; x_wconf 89' lang='lat' dir='ltr'><strong>Pars</strong></span> <span class='ocrx_word' id='word_1_314' title='bbox 1637 4068 1790 4126; x_wconf 87' lang='lat' dir='ltr'><strong>enim</strong></span> <span class='ocrx_word' id='word_1_315' title='bbox 1856 4068 2057 4127; x_wconf 88' lang='lat' dir='ltr'><strong>horum</strong></span> <span class='ocrx_word' id='word_1_316' title='bbox 2120 4068 2305 4138; x_wconf 82' lang='lat' dir='ltr'><strong>multo</strong></span> <span class='ocrx_word' id='word_1_317' title='bbox 2368 4069 2607 4128; x_wconf 87' lang='lat' dir='ltr'><strong>minima</strong></span> <span class='ocrx_word' id='word_1_318' title='bbox 2674 4066 2821 4126; x_wconf 89' lang='lat' dir='ltr'><strong>Itali</strong></span> 
     </span>
    </p>
   </div>
   <div class='ocr_carea' id='block_1_12' title="bbox 931 4162 2821 4243">
    <p class='ocr_par' dir='ltr' id='par_1_13' title="bbox 931 4162 2821 4243">
     <span class='ocr_line' id='line_1_40' title="bbox 931 4162 2821 4243; baseline 0.003 -23"><span class='ocrx_word' id='word_1_319' title='bbox 931 4171 1136 4221; x_wconf 86' lang='lat' dir='ltr'><strong>erant:</strong></span> <span class='ocrx_word' id='word_1_320' title='bbox 1177 4163 1356 4224; x_wconf 83' lang='lat' dir='ltr'><strong>ceteri</strong></span> <span class='ocrx_word' id='word_1_321' title='bbox 1379 4162 1588 4223; x_wconf 79' lang='lat' dir='ltr'><strong>domos</strong></span> <span class='ocrx_word' id='word_1_322' title='bbox 1608 4162 1853 4243; x_wconf 69' lang='lat' dir='ltr'><strong>quisque</strong></span> <span class='ocrx_word' id='word_1_323' title='bbox 1891 4183 2046 4234; x_wconf 87' lang='lat' dir='ltr'><strong>suas,</strong></span> <span class='ocrx_word' id='word_1_324' title='bbox 2072 4184 2221 4242; x_wconf 85' lang='lat' dir='ltr'><strong>quas</strong></span> <span class='ocrx_word' id='word_1_325' title='bbox 2260 4166 2319 4221; x_wconf 84' lang='lat' dir='ltr'><strong>in</strong></span> <span class='ocrx_word' id='word_1_326' title='bbox 2360 4165 2588 4243; x_wconf 79' lang='lat' dir='ltr'><strong>pacatis</strong></span> <span class='ocrx_word' id='word_1_327' title='bbox 2626 4162 2821 4225; x_wconf 79' lang='lat' dir='ltr'><strong>adhuc</strong></span> 
     </span>
    </p>
   </div>
  </div>
 </body>
</html>
