3159 4959
858 438 927 489 m
942 438 1063 489 Bm
1110 436 1451 487 OXXX’IV.
1494 438 1583 488 SU
1599 438 2144 491 vPhssMssN'rUM.

382 596 719 660 quenquam
744 576 927 639 ferme
950 588 1249 640 carente-
1262 581 1411 641 vitio
1428 582 1748 661 repereris:
1791 602 1928 662 quie
1951 602 2062 643 nee
2087 583 2284 663 puniri

382 684 623 757 propter
646 676 1083 736 multitudinem
1106 676 1572 756 delinquentium
1600 688 1906 759 poter-uun
1951 688 2014 738 et
2037 680 2286 758 aequita·

382 780 505 830 tem
537 772 753 849 jusque
789 772 941 830 bene
976 773 1357 851 temperando
1394 772 1567 832 multi
1601 773 1866 833 fortassis
1901 775 2172 835 meliores
2207 774 2286 835 ad

382 884 575 926 mores
600 867 1053 927 revocabuntur.
1137 866 1267 927 Lex
1292 870 1449 927 enim
1474 878 1796 949 utcumque
1822 890 2032 948 graves
2064 872 2288 930 eonsti-

382 971 519 1022 tnat
566 980 789 1041 pamas,
834 962 1147 1022 emendare
1194 972 1465 1023 naturam
1510 984 1628 1024 nou
1675 966 1896 1044 ubique
1941 975 2170 1046 potest:
2223 974 2288 1025 et

378 1056 585 1117 tollere
612 1057 803 1117 malos
822 1058 903 1128 ei,
931 1078 1109 1137 quam
1136 1057 1363 1118 efficere
1390 1060 1600 1129 bonos»,
1615 1060 1810 1120 multo
1828 1070 1916 1120 est
1942 1062 2282 1141 proclivius.

378 1154 477 1213 At
516 1154 629 1212 illa
664 1172 845 1233 quam
890 1154 1175 1235 praeeipio
1217 1153 1429 1214 lenitas
1470 1155 1732 1215 incidere
1769 1157 1833 1215 in
1871 1158 2017 1217 talia
2046 1158 2284 1236 ingenia

378 1258 595 1329 potest,
622 1270 759 1328 quae
784 1248 969 1309 latere
994 1252 1145 1309 vitia
1166 1270 1275 1311 sna
1298 1252 1714 1322 existimando,
1743 1260 1849 1313 aut
1877 1254 2058 1311 etiam
2079 1253 2283 1313 mode·

379 1355 509 1404 rate
546 1346 839 1423 castigata
874 1344 1203 1417 sentiendo,
1229 1346 1442 1405 iterum
1468 1366 1718 1427 peceare
1747 1348 2004 1427 pudeat:
2046 1348 2282 1418 eadem,

377 1440 701 1520 publicatis
724 1440 959 1499 delictis
982 1442 1125 1511 suis,
1154 1450 1257 1501 aut
1280 1444 1557 1503 acerbius
1589 1444 1832 1523 punitis,
1863 1446 2283 1505 verecundiam

378 1544 723 1615 metumque
767 1537 1079 1616 abjiciant,
1124 1546 1189 1597 et
1227 1546 1509 1617 tanquam
1550 1540 1788 1617 gravius
1830 1540 1975 1599 nihil
2020 1558 2283 1619 passura,

379 1628 626 1691 smum
666 1632 1093 1711 cupiditatibus
1135 1634 1363 1695 laxent.
1448 1634 1598 1695 Hae
1637 1656 1750 1713 ego
1787 1645 1850 1695 te
1882 1636 2284 1695 moderatione

377 1728 538 1787 eirea
574 1729 801 1789 delicta
845 1730 1143 1788 hominum
1184 1732 1426 1801 versari,
1486 1741 1553 1791 at
1597 1732 1850 1791 eundem
1898 1732 1958 1789 in
2005 1733 2284 1792 ornandis

378 1826 539 1883 recte
582 1823 755 1883 factis
794 1824 1172 1885 immodicum
1214 1826 1636 1906 profusumque
1672 1828 1828 1887 volo.
1893 1826 2081 1886 ¹Nem
2107 1836 2175 1887 ut
2197 1828 2284 1887 ibi

376 1918 823 1978 mansuetudine
856 1928 961 1977 tua
992 1920 1281 1999 quosdam
1315 1940 1354 1979 a
1384 1921 1690 2001 peccando
1724 1923 2028 1991 avocabis,
2063 1925 2148 1981 ita
2188 1924 2286 1981 bic

378 2034 583 2075 omnes
604 2015 684 2076 ad
709 2014 887 2075 officii
914 2016 1267 2095 virtutisque
1303 2036 1502 2077 euram
1539 2016 1958 2076 beneficiorum
1989 2018 2283 2097 magnitu-

375 2109 515 2170 dine
554 2110 873 2190 pertrahes.
960 2110 1183 2189 Neque
1208 2130 1471 2181 vereare,
1505 2131 1602 2182 ne,
1634 2111 1873 2191 quando
1913 2122 1976 2171 te
2015 2112 2282 2191 pecunioe

374 2204 681 2276 deficiant,
724 2214 829 2265 aut
870 2205 1015 2277 alia,
1061 2206 1217 2265 unde
1256 2206 1620 2277 benefacias,
1676 2208 1811 2286 (qui
1852 2210 2006 2267 enim
2062 2208 2286 2289 possint

376 2308 471 2361 tot
513 2309 799 2361 terrarum
848 2309 1032 2379 atque
1091 2302 1341 2361 mnrium
1400 2303 1854 2381 imperatorem?
1893 2314 1958 2362 et
1995 2323 2107 2381 ego
2146 2312 2282 2363 ante

378 2396 669 2455 timuerim
708 2416 785 2455 ne
810 2394 1007 2455 desint
1028 2397 1195 2473 digni
1222 2398 1435 2476 quibus
1456 2397 1592 2476 des)
1621 2406 1728 2457 aut
1765 2418 1840 2457 ne
1859 2401 1880 2436 ⁵
1926 2397 2144 2457 malam
2169 2396 2282 2458 tibi

377 2492 627 2569 gratiam
650 2491 737 2549 sic
762 2491 950 2551 habiti
976 2490 1253 2551 referant.
1335 2490 1592 2551 Nullum
1621 2493 1778 2551 enim
1800 2502 1924 2553 tam
1951 2502 2182 2571 agreste
2209 2514 2280 2553 ae

376 2587 565 2646 ferum
602 2596 695 2646 est
730 2586 1051 2663 ingenium,
1079 2586 1239 2665 quod
1276 2606 1414 2657 non,
1443 2597 1511 2647 ut
1549 2587 1936 2648 aliavincula
1973 2590 2278 2668 spreverit,

376 2682 607 2743 duobus
628 2684 721 2743 his
743 2683 821 2743 sit
844 2682 1179 2742 domabile:
1222 2684 1271 2742 si
1298 2702 1506 2764 nempe
1534 2704 1644 2744 nee
1672 2684 1947 2763 injuriam
1991 2687 2278 2765 patiatur,

376 2786 439 2838 et
460 2778 757 2839 beneficia
780 2779 1015 2839 sentiat.
1099 2777 1543 2859 Propemodum
1582 2780 1849 2857 exegisse
1871 2780 2099 2849 videor,
2125 2800 2280 2859 qua-

375 2874 494 2935 lem
540 2876 817 2935 adversus
854 2875 1021 2936 varia
1060 2882 1382 2935 ceterorum
1424 2894 1640 2953 genera
1680 2885 1739 2934 te
1782 2895 1980 2953 gerere
2019 2875 2276 2935 debeas:

375 2969 667 3049 reliquum
710 2979 803 3029 est
842 2978 907 3029 ut
946 2969 1290 3040 edisseram,
1320 2969 1814 3049 quemadmodum
1839 2971 2189 3030 versandum
2215 2972 2278 3029 in

372 3065 489 3135 his,
515 3084 651 3143 quae
676 3065 753 3123 ad
780 3073 839 3123 te
866 3065 1179 3143 pertinent,
1202 3065 1469 3123 sentiam.

455 3165 558 3219 62.
602 3170 619 3195 ⁸
642 3160 721 3218 In
746 3160 1079 3218 universum
1104 3158 1367 3237 recipere
1388 3158 1583 3219 nullos
1600 3158 1853 3217 honores
1875 3180 1913 3218 a
1939 3170 2144 3219 senatu
2173 3170 2278 3219 aut

376 3254 843 3335 quibuscumque
866 3252 1101 3313 delatos
1124 3252 1328 3324 debes,
1357 3256 1461 3333 qui
1492 3254 1686 3312 verbis
1713 3262 1815 3313 aut
1838 3256 2014 3313 rebus
2048 3255 2274 3334 aliquid

374 3352 639 3411 habeant
680 3350 933 3410 insolitae
976 3350 1341 3428 arrogantiae.
1426 3348 1594 3409 Nam
1631 3349 1842 3408 ceteris
1865 3348 2102 3429 quidem
2143 3370 2181 3409 a
2215 3360 2278 3410 te

374 3446 621 3527 profecti
647 3448 903 3506 honores
925 3455 1271 3505 ornamento
1311 3454 1481 3504 sunt:
1524 3444 1637 3503 tibi
1664 3464 1802 3504 vero
1829 3445 1972 3524 quid
1999 3445 2131 3505 dari
2167 3466 2274 3527 po·

376 3549 494 3602 test
516 3542 589 3601 iis
612 3562 747 3621 quae
774 3542 961 3601 habes
984 3540 1329 3618 augustius?
1411 3540 1579 3606 Quin
1607 3549 1670 3599 et
1693 3538 2048 3600 adulationis
2085 3543 2274 3621 suspi-

376 3636 605 3697 cionem
629 3639 737 3697 vix
774 3636 1002 3717 effugit,
1031 3636 1315 3715 quiequid
1356 3636 1669 3716 imperanti
1695 3634 2048 3695 decernitur.
2133 3636 2274 3696 Nee

377 3732 535 3791 enim
586 3733 759 3792 aliter
810 3732 1149 3791 decreturos
1198 3731 1378 3791 fuisse
1428 3730 1718 3790 ereditur:
1771 3731 2098 3810 eodemque
2149 3752 2274 3790 rem

377 3828 591 3899 redire,
628 3837 807 3907 atque
850 3828 900 3887 si
944 3828 1058 3886 sibi
1103 3828 1213 3906 ipsi
1258 3828 1531 3908 princeps
1572 3827 1686 3885 ista
1732 3825 2112 3903 gratificetur,
2155 3846 2273 3885 non

377 3924 557 3985 modo
594 3924 821 3983 nullum
866 3923 1003 3982 inde
1046 3922 1332 3983 relaturus
1372 3923 1573 3992 decus,
1611 3921 1715 3980 sed
1761 3922 2076 3981 ludibrium
2117 3922 2276 3981 ultro

377 4015 697 4081 debiturus.
778 4021 871 4079 Tu
900 4038 1041 4079 vero
1062 4004 1311 4097 egressiis
1330 4018 1507 4079 saetis
1530 4037 1746 4095 augere
1767 4018 1988 4078 famam
2013 4035 2268 4077 memen-

701 4232 733 4274 6
773 4224 933 4289 Neque
956 4230 1009 4274 ut
1034 4239 1127 4289 pro
1148 4230 1233 4275 est
1256 4240 1315 4277 ιιι
1337 4222 1614 4288 legebatur
1632 4230 1753 4273 ante
1777 4223 1932 4273 Crev.

2437 424 2614 493 5790
