3159 4959
892 462 1097 509 LIBRI
1150 462 1483 511 CXXXIV.
1528 464 1874 516 suPPLssM
1889 470 2172 521 RNTUM.

417 607 601 674 tenui,
628 612 689 663 et
712 624 816 663 vos
838 623 973 663 mea
997 624 1175 684 opera
1200 605 1348 663 salvi
1374 606 1810 687 concordesque
1843 611 2038 687 agitiS‚
2066 621 2128 671 et
2155 630 2308 671 nunc

415 702 649 762 demum
686 708 819 779 post
852 708 943 759 tot
978 720 1259 759 annorum
1290 702 1694 761 contentiones
1720 705 1973 784 populus
1999 705 2310 767 Romanus

413 808 575 857 certa
612 795 895 873 firmaque
935 814 1082 874 pace
1122 815 1193 854 ac
1228 797 1606 855 consensione
1633 797 1876 867 fraitun
1921 801 2100 860 etiam
2131 802 2308 861 liber-

413 890 593 953 tatem
632 901 807 969 atque
847 890 1275 971 rempublicam
1303 892 1567 971 recipite,
1597 903 1776 973 atque
1803 895 2122 955 secundum
2151 898 2308 975 leges

410 1010 567 1049 more
612 990 899 1065 majorum
947 988 1151 1065 gerite.
1254 986 1415 1047 Haec
1458 1007 1495 1046 a
1540 1009 1634 1047 me
1675 990 1796 1049 dici
1839 990 2082 1071 fierique
2117 994 2309 1053 minus

406 1084 783 1153 mirabimini,
836 1084 936 1141 ubi
988 1082 1393 1142 recordatione
1445 1094 1507 1144 et
1556 1087 1994 1165 comparatione
2047 1091 2302 1167 praeteri·

405 1194 593 1241 torum
630 1179 1021 1247 adverteritis,
1048 1179 1257 1238 eodem
1298 1181 1375 1238 ab
1416 1182 1613 1241 animo
1649 1184 1776 1243 haec
1813 1184 2120 1264 proficisci,
2149 1186 2304 1245 unde

404 1278 560 1357 prior
603 1276 864 1357 profecta
903 1284 993 1335 est
1030 1275 1263 1345 lenitas,
1290 1284 1353 1334 et
1390 1296 1429 1335 a
1462 1280 1712 1355 negotiis
1745 1288 1806 1339 et
1841 1282 2158 1340 honoribus
2193 1283 2302 1341 nisi

404 1374 743 1433 necessariis
786 1372 1175 1430 abstinentia:
1236 1370 1392 1430 unde
1437 1382 1499 1431 et
1536 1392 1612 1431 ex
1655 1375 1946 1445 omnibus,
1983 1396 2116 1454 quae
2157 1378 2299 1437 mihi

402 1470 763 1540 decrevistis,
819 1468 962 1527 nihil
1024 1467 1278 1527 insolens
1337 1476 1441 1527 aut
1490 1469 1747 1547 publicae
1799 1470 2060 1531 libertati
2121 1494 2299 1551 grave

399 1565 614 1645 recepi.
1632 1624 1642 1634 .

478 1668 579 1721 88.
608 1670 625 1696 ‘
644 1661 764 1721 Sed
792 1682 980 1741 neque
999 1660 1289 1740 judicium
1316 1682 1509 1721 meum
1537 1665 1978 1735 accusaveritis,
1997 1668 2100 1744 qui
2131 1676 2298 1730 tanto

396 1759 663 1837 imperio,
686 1757 851 1817 nulla
878 1778 983 1817 nec
1006 1778 1065 1816 re
1086 1766 1332 1835 cogente
1354 1778 1461 1817 nec
1490 1759 1746 1828 bomine,
1769 1770 1974 1840 sponte
1993 1762 2293 1824 absistam.

398 1852 655 1930 Magnas
714 1854 941 1913 consilii
1003 1854 1176 1930 hujus
1232 1862 1413 1932 atque
1467 1854 1786 1933 praeclaras
1830 1875 2040 1915 causas
2081 1858 2290 1919 habeo.

396 1946 586 2018 Nam,
614 1950 735 2008 sive
750 1952 855 2028 jus
880 1949 1178 2028 respicias,
1206 1948 1352 2006 nihil
1373 1959 1461 2008 est
1482 1950 1726 2027 aequius,
1749 1968 1926 2028 quam
1957 1971 2046 2009 res
2072 1964 2294 2013 vestras

395 2045 635 2105 arbitrio
658 2046 929 2104 'maxime
972 2053 1163 2103 vestro
1207 2044 1640 2103 administrari:
1683 2044 1804 2103 sive
1849 2045 2188 2127 utilitatem,
2229 2060 2292 2109 et

390 2142 533 2199 mihi
560 2141 887 2200 conducere
916 2140 1187 2209 arbitror,
1220 2148 1287 2199 ut
1304 2139 1459 2197 curis
1488 2138 1842 2217 invidiaeque
1869 2151 1931 2199 et
1957 2142 2176 2202 insidiis
2195 2164 2288 2204 me

388 2238 761 2306 subtraham;
806 2246 869 2295 et
893 2238 1083 2305 vobis,
1110 2236 1325 2315 quibus
1338 2238 1469 2313 jam
1498 2234 1639 2295 licet
1663 2235 1846 2295 libere
1867 2246 2283 2317 temperanter-

388 2350 505 2411 que
546 2352 618 2392 ac
652 2332 1021 2393 concorditer
1056 2331 1459 2391 administrare
1488 2332 1932 2411 rempublicam.
2018 2336 2200 2401 Quod
2235 2341 2286 2397 si

377 2426 897 2507 gloriam'quoque
926 2428 1239 2497 intuemur,
1268 2428 1469 2505 (cujus
1496 2446 1680 2486 causa
1696 2426 1868 2487 multi
1887 2430 2152 2508 pericula
2167 2452 2282 2493 non

384 2524 673 2583 sustinent
724 2523 923 2593 modo,
960 2523 1061 2583 sed
1108 2526 1424 2603 expetunt)
1466 2524 1862 2603 quicquamne
1900 2528 2112 2604 poterit
2155 2548 2280 2587 esse

382 2620 699 2689 honestius»,
728 2640 905 2700 quam
934 2620 1089 2680 ultro
1116 2619 1453 2679 abdicanda
1480 2628 1796 2700 potestate,
1825 2640 1958 2700 quae
1985 2622 2280 2683 meliorem

380 2717 541 2775 orbis
566 2726 847 2801 terrarum
876 2726 1101 2796 partem
1138 2717 1419 2785 continet,
1447 2716 1774 2796 approbare
1801 2718 1998 2795 generi
2027 2720 2280 2781 humano

380 2814 637 2871 animum
676 2814 909 2873 fortuna
946 2816 1269 2892 majorem;
1312 2814 1418 2892 qni
1443 2814 1700 2892 suijuris
1723 2823 1786 2873 et
1820 2834 2010 2874 rerum
2037 2816 2276 2885 arbiter,

380 2916 441 2966 et
480 2924 687 2986 parare
714 2928 929 2985 magna
954 2909 1218 2987 imperia,
1246 2918 1309 2967 et
1334 2929 1532 2985 regere
1570 2907 1747 2978 norit,
1774 2918 1837 2968 et
1861 2930 1968 2969 suo
1995 2911 2278 2972 arbitratu

379 3000 715 3079 deponere?
800 3002 992 3079 igitur
1018 3004 1067 3060 si
1090 3004 1222 3080 quis
1240 3002 1391 3062 forte
1418 3011 1672 3061 vestrum
1698 3004 1775 3061 ab
1797 3002 1916 3063 alio
1937 3004 2082 3063 talia
2102 3008 2278 3065 senti-

376 3098 423 3157 ri
458 3097 697 3177 dicique
734 3118 871 3157 vere
906 3118 1073 3178 posse
1111 3118 1223 3157 non
1260 3098 1486 3168 credat,
1526 3107 1590 3158 at
1627 3100 1836 3159 saltem
1877 3122 1916 3159 a
1955 3122 2048 3161 me
2077 3103 2281 3163 credat

375 3211 564 3275 posse.
648 3195 913 3275 Quippe,
956 3215 1088 3253 cum
1125 3214 1465 3253 enumerare
1505 3193 1758 3275 plurima
1805 3214 1940 3254 mea
1979 3198 2278 3275 patrisque

376 3290 492 3349 mei
518 3291 728 3350 merita
755 3292 815 3348 in
844 3299 1073 3371 promtu
1096 3298 1269 3359 esset,
1298 3298 1535 3369 propter
1562 3308 1696 3367 quae
1725 3308 1838 3348 non
1861 3290 2078 3369 injuria
2101 3312 2278 3371 supra

372 3394 597 3447 ceteros
618 3387 917 3466 quoslibet
943 3407 1046 3445 nos
1072 3387 1281 3447 amatis
1306 3395 1487 3465 atque
1519 3385 1844 3455 extollitis3
1889 3396 2087 3447 tamen
2127 3390 2271 3449 nihil

370 3488 461 3541 est
502 3503 621 3562 qno
663 3500 833 3563 aeque
877 3482 1247 3561 gloriandum
1288 3492 1513 3563 putem,
1550 3502 1729 3562 quam
1777 3483 1936 3561 quod
1979 3504 2266 3547 summam

371 3586 721 3656 potestatem
752 3598 789 3637 a
812 3580 981 3638 vobis
1004 3579 1293 3650 oblatam,
1320 3588 1383 3637 et
1406 3578 1507 3639 ille
1534 3599 1648 3638 non
1679 3581 1933 3660 accepit,
1959 3590 2022 3641 et
2056 3602 2270 3663 accep-

369 3680 491 3731 tam
528 3694 637 3751 ego
671 3672 952 3734 dimitto!

426 3862 453 3890 ¹
489 3854 729 3905 &mm
772 3861 1051 3919 potestatem
1086 3871 1118 3904 a
1148 3856 1281 3905 nobie
1344 3862 1501 3911 tator.
1520 3854 1612 3905 aed
1644 3868 1898 3920 nunqnam
1930 3858 2134 3921 aceepit
2155 3860 2266 3909 Cae.

362 3920 583 3975 oblatam,
606 3924 653 3969 et
685 3922 766 3969 ille
797 3934 891 3967 non
918 3921 1113 3982 accepit,
1132 3926 1180 3969 et
1200 3936 1279 3969 nc·
1342 3935 1427 3969 sar
1460 3920 1797 3969 Octavianus.
1863 3920 1919 3968 Si
1957 3936 2122 3970 rernm
2155 3938 2262 3973 om·

360 3990 543 4047 ceptam
590 3999 681 4044 ego
728 3984 943 4047 dimitto]
1001 3985 1133 4033 Haec
1178 3998 1278 4031 non
1343 3984 1483 4033 nium
1516 3998 1832 4046 supremum,
1859 3984 1970 4031 sine
2005 3986 2139 4046 regi·
2171 4002 2261 4037 no·

359 4050 511 4099 modo
548 4048 823 4097 tumidiora
855 4056 994 4108 aunt,
1023 4062 1123 4112 quo
1158 4048 1281 4097 vitio
1344 4048 1499 4107 mine,
1539 4051 1787 4109 regimen,
1819 4047 1944 4095 illud
1987 4058 2260 4113 acceptum

362 4120 473 4163 tota
498 4115 664 4160 oratio
694 4112 917 4171 laborat,
938 4114 1027 4161 sed
1062 4120 1277 4174 nugato-
1341 4112 1556 4160 dimittit
1594 4110 1798 4174 quidem
1829 4112 1912 4159 hic
1935 4111 2112 4172 junior
2146 4116 2259 4164 Cae.

360 4178 435 4225 ria
453 4185 504 4226 ct
529 4176 679 4224 falsa.
734 4176 785 4225 Si
808 4177 941 4224 enim
962 4190 1174 4237 regnum
1196 4176 1277 4225 hic
1342 4177 1547 4237 βαι-,306
1570 4190 1670 4224 non
1685 4176 1864 4238 rejecit
1884 4176 2038 4235 prior.
2071 4178 2258 4245 Itaque

357 4254 551 4289 summa·
578 4240 827 4303 potestatis
856 4243 1058 4291 nomine
1086 4242 1273 4289 intelli·
1339 4241 1465 4289 nihil
1500 4241 1609 4289 sani
1656 4246 1734 4290 est
1770 4240 1820 4287 in
1849 4240 1945 4288 hac
1977 4247 2258 4301 sententia,

358 4319 469 4367 gas,
492 4304 731 4353 diadema
766 4306 968 4369 quidem
1006 4307 1072 4354 ab
1109 4306 1271 4354 Anto·
1338 4320 1451 4367 qnae
1488 4314 1660 4355 tamen
1698 4302 1831 4355 infra
1867 4318 1983 4354 mox
2021 4307 2256 4363 iteratur.

356 4369 443 4419 nio
475 4369 705 4420 oblatum
742 4370 927 4434 rejecit
958 4370 1137 4422 Caesar
1166 4372 1271 4421 dic·
1342 4370 1483 4420 Creu.

2462 459 2632 524 5811
