3159 4959
636 464 811 527 5902

676 731 823 794 Lapis

788 812 815 843 r

648 924 762 971 Tac.

652 1419 782 1467 Veli.
796 1434 855 1467 u.
869 1422 951 1467 9⁹.

684 1486 883 1532 Suet-m.

651 1548 759 1595 Tib.
780 1550 857 1596 10.
876 1560 928 1593 et

652 1612 753 1660 Dio
788 1610 839 1657 in
854 1609 927 1657 Ex

652 1682 804 1738 πατρί.
824 1673 919 1721 Va·

691 2084 891 2132 Sueton-

656 2148 761 2194 Tib.
780 2164 824 2195 c.
840 2150 871 2194 7
876 2178 889 2193 .

660 2212 771 2259 Vell
782 2245 792 2258 .

688 2276 885 2323 Sueton-

658 2338 768 2386 Tib.
790 2342 867 2386 10.
890 2344 940 2384 et

662 2408 743 2452 12.
778 2402 892 2451 Dio.

698 3624 827 3672 Plin-

668 3704 699 3733 v
710 3706 747 3737 n
758 3722 770 3737 .
783 3692 871 3736 4⁵.

667 3752 867 3801 Sueten.

696 3818 898 3866 Sueton.

664 3880 775 3929 Tib.
794 3886 868 3929 11.

1595 476 1666 522 Τ.
1713 474 1906 523 mvn

966 629 1141 679 retur.
1230 619 1389 680 Haec
1432 621 1670 680 honoris
1705 619 1967 697 Augusti
2002 636 2184 678 causa
2219 618 2726 677 senatusconsulto
2769 618 2882 676 de·

966 726 1147 775 creta.
1235 717 1483 796 Equites
1518 725 1718 775 autem
1747 715 2008 775 Romani
2035 714 2286 774 universi
2315 714 2630 793 principem
2648 716 2880 792 juven-

968 815 1111 871 tutis
1132 814 1345 873 Caium
1366 814 1549 872 hastis
1568 813 1858 891 argenteis
1875 811 2158 871 donatum
2180 810 2651 890 appellaverunt.
2709 810 2882 869 Haec

969 910 1135 969 aiunt
1158 910 1488 987 Augustum
1498 910 1610 969 ‘vix
1632 908 1961 978 admisisse,
1981 926 2115 968 cum
2137 908 2338 965 intime
2359 907 2642 985 gauderet
2659 906 2874 975 factis3

970 1024 1044 1065 ne
1070 1008 1320 1085 speciem
1346 1006 1535 1066 civilis
1560 1006 1742 1065 animi
1771 1004 2084 1063 amitteret.

1050 1110 1148 1162 30.
1194 1102 1421 1163 Eodem
1444 1122 1621 1172 anno,
1663 1112 1788 1161 tum
1829 1101 1986 1159 enim
2029 1098 2111 1159 D.
2152 1098 2371 1158 Laelius
2399 1097 2483 1156 D.
2514 1098 2584 1157 F.
2615 1098 2878 1169 Balbus,

972 1199 1048 1257 C.
1090 1198 1389 1258 Antistius
1432 1198 1508 1259 C.
1542 1198 1612 1257 F.
1641 1197 1836 1257 Vetus
1875 1195 2142 1256 consules
2183 1204 2373 1265 erant,
2409 1194 2650 1253 Tiberio
2685 1195 2884 1253 tribu-

972 1294 1175 1353 nitiam
1204 1303 1554 1375 potestatem
1580 1294 1786 1352 Caesar
1810 1294 1868 1351 in
1897 1292 2358 1370 quinquennium
2400 1290 2603 1359 dedit3
2652 1289 2878 1349 Anne-

974 1389 1249 1469 niamque
1296 1389 1666 1449 deficientem
1709 1390 1764 1448 ei
1807 1387 2242 1447 demandavit!
2328 1384 2422 1445 At
2461 1386 2564 1445 ille
2603 1386 2762 1444 inter
2793 1394 2888 1445 tot

976 1506 1275 1566 prospera,
1314 1487 1598 1545 incertum
1625 1486 1842 1565 quibus
1865 1485 2080 1552 causis,
2115 1490 2357 1562 repente
2383 1483 2592 1541 statuit
2613 1502 2648 1541 e
2675 1482 2878 1542 medio

929 1636 950 1646 -
974 1604 1035 1642 se
1064 1602 1245 1661 quam
1274 1581 1608 1660 longissime
1635 1580 1926 1641 abducere
1957 1600 1972 1639 ε
2017 1600 2126 1639 nec
2151 1580 2308 1638 enim
2333 1578 2655 1638 studiorum
2693 1598 2884 1639 causa

978 1679 1183 1739 Rhodi
1218 1698 1506 1738 secessum
1550 1680 1764 1758 petisse
1811 1676 2182 1745 crediderim,
2237 1694 2576 1755 quanquam
2621 1676 2682 1734 id
2723 1698 2880 1757 prae-

974 1775 1177 1833 tulisse
1196 1773 1499 1834 traditum.
1582 1773 1898 1833 Veriorem
1923 1773 2100 1832 fuisse
2127 1772 2426 1832 stimulum
2465 1792 2545 1831 ex
2589 1773 2882 1854 intempe-

977 1871 1167 1930 rantia
1220 1869 1418 1929 uxoris
1468 1878 1704 1951 putant,
1762 1888 1942 1949 quam
1999 1888 2190 1948 neque
2245 1868 2554 1948 repudiare
2609 1868 2877 1939 auderet,

978 1985 1167 2045 neque
1194 1966 1449 2046 perferre
1476 1967 1633 2025 ultra
1659 1974 1869 2046 posset.
1955 1965 2136 2024 Certe
2181 1964 2423 2043 reliquit
2461 1984 2594 2024 eam
2637 1964 2882 2035 Romae,

976 2062 1081 2121 sed
1136 2082 1271 2121 cum
1313 2060 1439 2121 filio
1478 2081 1656 2140 quem
1693 2062 1806 2121 sibi
1853 2060 2150 2141 Vipsania
2191 2070 2522 2139 pepererat.
2609 2060 2878 2127 Quidam

978 2160 1339 2228 existimant,
1376 2167 1437 2217 et
1471 2158 1598 2237 ipse
1623 2159 1710 2217 sic
1749 2157 1957 2227 videri,
1984 2156 2088 2217 sed
2116 2166 2320 2237 postea
2345 2155 2559 2227 voluit,
2587 2156 2879 2237 Agrippae

979 2255 1278 2334 exemplo,
1314 2255 1419 2333 qui
1456 2253 1754 2313 Marcello
1780 2262 2055 2324 cesserat,
2097 2254 2260 2311 abire
2298 2251 2579 2323 voluisse,
2612 2273 2685 2312 ne
2725 2273 2878 2333 prae-

980 2352 1199 2409 stantia
1228 2370 1336 2409 sua
1372 2359 1435 2409 et
1471 2369 1662 2409 rerum
1703 2358 1996 2428 gestarum
2033 2349 2222 2428 gloria
2261 2348 2496 2408 obstare
2535 2349 2879 2409 adolescen-

980 2449 1140 2507 tibus
1185 2447 1445 2524 Augusti
1488 2446 1690 2506 liberis
1730 2446 2043 2507 videretur.
2147 2445 2230 2505 Et
2275 2444 2770 2525 quemadmodum
2820 2448 2876 2505 in

980 2542 1238 2601 dissidiis
1262 2541 1674 2621 principalium
1700 2541 2005 2611 domuum,
2031 2560 2232 2601 omnes
2251 2542 2311 2599 in
2333 2550 2532 2621 partes
2549 2542 2876 2620 aliquorum

980 2636 1158 2697 velox
1186 2637 1438 2716 suspicio
1464 2646 1557 2697 est
1574 2658 1592 2705 3
1638 2656 1750 2696 non
1779 2635 2044 2707 deerant,
2081 2637 2184 2716 qui
2211 2636 2492 2696 offensum
2515 2636 2878 2715 judicarent,

980 2732 1141 2811 quod
1168 2734 1290 2811 ipse
1328 2734 1406 2791 ab
1441 2731 1720 2809 Augusto
1755 2752 1870 2793 non
1909 2742 2062 2792 esset
2099 2732 2434 2813 adoptatus.
2519 2733 2749 2793 Contra
2773 2733 2877 2793 alii

982 2829 1060 2887 ab
1087 2828 1193 2887 illo
1218 2828 1471 2905 ejectum
1506 2829 1620 2887 sibi
1663 2827 2114 2907 persuadebant,
2156 2838 2225 2888 ut
2249 2829 2562 2888 liberorum
2587 2830 2716 2908 ejus
2741 2830 2878 2888 insi·

979 2923 1289 2982 diatorem.
1377 2922 1581 2981 Minus
1619 2923 1877 2983 absurda
1909 2924 2111 3003 opinio
2151 2933 2261 2993 est,
2305 2925 2494 2984 vitato
2521 2925 2882 2984 assiduitatis

984 3019 1183 3089 taedio,
1231 3020 1642 3079 auctoritatem
1670 3020 1940 3080 absentia
1984 3020 2132 3079 tueri
2177 3020 2454 3090 voluisse,
2494 3030 2672 3101 atque
2697 3024 2878 3083 etiam

984 3135 1222 3193 augere,
1248 3117 1319 3184 si,
1348 3116 1508 3195 quod
1535 3114 1796 3175 futurum
1821 3117 2078 3185 rebatur,
2108 3116 2183 3175 ad
2209 3118 2514 3177 subeunda
2536 3119 2879 3198 reipublice

984 3237 1186 3288 onera,
1214 3219 1425 3297 quibus
1450 3238 1623 3277 nemo
1642 3228 1926 3298 praeterea
1952 3238 2057 3297 par
2075 3227 2247 3289 esset,
2271 3228 2662 3280 revocaretur.
2737 3219 2880 3301 Ipse

986 3314 1128 3373 nihil
1168 3314 1394 3383 horum,
1436 3314 1539 3373 sed
1576 3315 1860 3374 honorum
1889 3314 2272 3393 laborumque
2301 3335 2500 3395 parem
2526 3317 2876 3387 satietatem,

988 3416 1047 3467 et
1077 3411 1293 3488 quietis
1322 3410 1674 3471 desiderium
1711 3410 1996 3471 obtendit.

1072 3510 1169 3562 31.
1216 3504 1608 3585 Quacumque
1655 3526 1836 3566 causa
1881 3516 2002 3565 tam
2043 3507 2422 3585 pertinaciter
2467 3517 2626 3567 certe
2669 3528 2879 3589 propo·

988 3599 1161 3657 situm
1189 3601 1355 3669 ursit,
1402 3609 1468 3658 ut
1502 3620 1692 3679 neque
1719 3602 1922 3660 matris
1958 3602 2250 3680 precibus,
2293 3622 2404 3661 nec
2445 3604 2697 3682 querelis
2742 3606 2879 3664 Au-

988 3695 1141 3772 gusti
1189 3705 1538 3766 moveretur,
1578 3697 1676 3755 cui
1717 3697 2174 3757 contumeliosus
2215 3698 2311 3758 hic
2355 3720 2614 3759 secessus
2654 3701 2881 3761 futurus

988 3800 1153 3850 erat:
1196 3792 1468 3871 ciboque,
1516 3802 1822 3872 postquam
1867 3814 1930 3852 se
1969 3792 2216 3855 detineri
2258 3795 2522 3867 videbat,
2565 3798 2882 3877 quatriduo

990 3888 1323 3947 abstineret.
1392 3887 1649 3947 Rhodus
1673 3890 1725 3947 ei
1757 3890 2070 3949 revertenti
2092 3891 2251 3970 prius
2277 3912 2355 3951 ex
2377 3892 2688 3963 Armenia,
2721 3888 2878 3952 salu-

990 3983 1220 4042 britatis
1249 3990 1309 4043 et
1343 3985 1696 4044 amoenitatis
1735 3984 1988 4054 nornine,
2022 3988 2277 4046 maxime
2320 3987 2645 4068 placuerat.
2729 3988 2878 4049 Huc

992 4078 1165 4157 igitur
1184 4080 1534 4150 concedens,
1562 4078 1809 4139 modicis
1829 4080 2053 4140 aedibus
2073 4080 2174 4140 diu
2197 4084 2460 4163 ingentes
2476 4085 2741 4156 virtutes,
2771 4104 2880 4144 nec

1542 4294 1571 4323 ⁸
1605 4294 1671 4343 A.
1697 4294 1763 4343 U.
1787 4296 1849 4346 C.
1872 4299 1984 4345 7⁴6.
2049 4295 2115 4345 A.
2139 4296 2199 4345 C.
2222 4300 2271 4347 6.
