3159 4959
535 406 714 475 5652

573 571 672 623 Dio
706 582 758 622 et

539 639 752 704 Appian-

577 1046 788 1111 Appian.

578 1436 691 1482 Sen.
719 1433 840 1481 Nat.

547 1500 731 1555 Quost.
766 1513 843 1545 iv.

544 1562 690 1610 Pras.

545 1623 762 1689 Appiam.

550 1688 669 1737 Dio.

581 1816 794 1879 Appian.

549 1888 598 1927 et
623 1880 737 1928 Dio.

1493 422 1563 470 Τ.
1614 417 1793 469 mvn

941 570 1040 625 26.
1063 560 1392 643 Pompeius
1415 562 1566 621 inter
1583 563 1737 622 hanc
1756 560 2182 630 calamitatem,
2198 562 2495 622 exercitus
2512 582 2749 645 quoque

860 658 1193 719 defectione
1235 657 1496 735 cognita,
1542 658 1827 737 protinus,
1864 658 2104 736 abjecto
2142 658 2519 736 imperatorio
2561 659 2747 731 cultu,

863 754 1203 815 Meaeanam
1221 762 1412 813 certos
1427 754 1690 811 homines
1708 752 2007 833 praemisit,
2030 753 2135 832 qui
2154 751 2361 822 filiam,
2390 754 2748 833 amicosque,

864 860 926 909 et
950 851 1248 931 pecunias,
1291 859 1354 910 et
1393 846 1679 928 quicquid
1724 850 2038 928 pretiosum
2083 857 2232 918 erat,
2254 850 2387 928 jam
2412 850 2569 908 enim
2592 850 2752 910 hunc

863 949 924 1007 in
949 966 1153 1007 casum
1178 946 1587 1006 consarcinata
1624 944 1909 1013 habebat,
1946 944 2006 1002 in
2052 962 2234 1003 naves
2266 953 2528 1004 servatas
2565 946 2751 1024 impo-

865 1050 1087 1101 nerent.
1173 1040 1347 1099 Misit
1369 1040 1548 1099 etiam
1579 1037 1911 1119 Lilybaeum
1946 1038 2023 1099 ad
2052 1038 2369 1098 Plennium
2398 1038 2531 1097 inde
2558 1060 2749 1099 arces-

865 1137 1131 1209 sendum,
1153 1144 1290 1197 octo
1310 1136 1568 1214 legiones
1583 1136 1713 1214 ejus
1728 1134 1883 1213 fugae
1903 1136 2149 1195 comites
2164 1135 2485 1194 habiturus.
2529 1134 2751 1214 Neque

867 1244 1060 1294 tamen
1087 1233 1429 1313 expectavit
1452 1231 1532 1292 ad
1555 1252 1619 1291 se
1644 1240 2071 1311 properantem,
2112 1230 2359 1309 pavidus
2380 1229 2596 1291 ducum
2620 1250 2753 1291 suo-

865 1348 992 1389 rum
1029 1328 1543 1409 proesidiorumque
1585 1328 1806 1385 nuntiis
1836 1326 2172 1405 frequenter
2196 1325 2275 1384 ad
2297 1327 2579 1386 victorem
2601 1324 2754 1386 defi·

865 1428 1166 1487 cientium.
1271 1426 1467 1505 Igitur
1515 1444 1653 1485 cum
1702 1423 1942 1503 reliquis
1992 1424 2241 1483 navibus
2290 1422 2499 1483 relicta
2548 1422 2756 1483 Sicilia

867 1542 1100 1584 cursum
1151 1524 1210 1581 in
1256 1523 1469 1584 Asiam
1519 1521 1762 1590 direxit,
1821 1520 2177 1591 Antonium,
2238 1522 2317 1580 ob
2368 1530 2657 1581 servatam
2694 1522 2753 1579 in

867 1618 1046 1679 simili
1070 1618 1330 1698 periculo
1353 1626 1624 1687 matrem,
1665 1616 1779 1676 sibi
1800 1635 2037 1695 sperans
2062 1616 2377 1696 aequiorem
2404 1615 2546 1675 fore.
2616 1614 2755 1675 Nec

869 1715 1164 1773 insecutus
1189 1716 1500 1794 quisquam
1523 1721 1617 1773 est
1640 1712 1984 1791 fugientem,
2025 1711 2147 1771 alia
2182 1733 2287 1792 per
2311 1712 2549 1790 negotia
2572 1712 2755 1791 impe·-

868 1811 1009 1870 ditis
1037 1811 1374 1879 victoribus,
1401 1818 1464 1869 et
1483 1811 1634 1868 inter
1657 1829 1719 1868 se
1746 1828 1955 1889 parum
1980 1808 2201 1869 amicis.
2286 1808 2533 1889 Quippe
2555 1808 2757 1867 Caesar

871 1907 927 1965 in
955 1907 1163 1966 castris
1206 1904 1286 1965 ad
1330 1904 1721 1965 Naulochum
1758 1924 2082 1975 remanens,
2123 1903 2459 1984 Agrippam
2503 1904 2577 1963 ad
2604 1904 2757 1963 obsi·

869 2001 1105 2063 dionem
1133 2000 1428 2062 Messanoe
1451 2004 1730 2072 miserat:
1777 2001 1935 2081 quod
1969 2000 2253 2081 oppidum
2295 2001 2614 2060 intraverat
2626 2002 2759 2079 jam

873 2097 1186 2168 Plennius,
1247 2116 1482 2176 unaque
1535 2116 1733 2156 secum
1783 2098 2009 2156 bostem
2071 2105 2399 2156 attraxerat
2450 2096 2758 2175 Lepidum.

873 2192 1064 2270 Igitur
1099 2212 1137 2251 a
1173 2191 1402 2251 duobus
1439 2193 1801 2252 exercitibus
1833 2212 1895 2250 se
1941 2190 2144 2251 videns
2182 2190 2459 2262 obsideri,
2500 2190 2574 2250 de
2612 2209 2759 2271 pace

871 2296 1129 2349 oratores
1163 2288 1340 2347 misit.
1427 2287 1528 2347 Ibi
1574 2287 1851 2348 tendente
1894 2286 2192 2368 Agrippa,
2234 2295 2302 2346 ut
2340 2288 2401 2346 in
2448 2286 2761 2347 adventum

873 2380 1128 2441 Caesaris
1147 2402 1238 2443 res
1263 2384 1489 2462 integra
1514 2392 1859 2454 servaretur,
1898 2382 2159 2463 Lepidus
2182 2389 2245 2441 et
2268 2402 2475 2465 pacem
2502 2380 2763 2441 Plennio

877 2481 1077 2537 statim
1117 2478 1319 2547 dedit:
1363 2488 1426 2538 et
1467 2478 1851 2539 conciliandis
1893 2480 2021 2557 ejus
2066 2478 2413 2557 legionibus,
2454 2480 2663 2539 annuit
2698 2488 2765 2539 ut

873 2589 992 2631 una
1031 2592 1166 2633 cum
1205 2572 1324 2631 suis
1359 2573 1646 2632 militibus
1673 2572 2014 2633 Messanam
2056 2582 2187 2634 tota
2224 2584 2395 2633 nocte
2428 2570 2761 2654 diriperentL

769 2730 774 2737 ,
877 2668 1154 2727 Accessit
1173 2678 1236 2728 et
1253 2667 1613 2740 incendium,
1632 2668 1850 2741 studio,
1877 2690 1951 2729 an
1974 2670 2125 2730 inter
2139 2670 2447 2730 militarem
2466 2667 2761 2731 licentiam'

555 3252 688 3303 Veu.
703 3268 762 3303 ιι.
777 3255 858 3303 80.

585 3380 782 3427 Sueton-

553 3444 686 3507 Aug.
715 3448 795 3492 16.

590 3508 808 3571 Appian.

631 3572 748 3621 Dio.

873 2770 1094 2823 temere
1119 2772 1345 2824 ortum:
1377 2772 1440 2824 et
1464 2774 1715 2845 utraque
1740 2766 1945 2826 audita
1968 2766 2169 2827 clades
2192 2768 2421 2827 excivit
2444 2766 2760 2837 Caesarem,

877 2868 944 2917 ut
967 2858 1234 2939 sequenti
1257 2860 1458 2919 statim
1485 2858 1585 2920 die
1612 2861 1941 2921 advolaret.

953 2959 1054 3016 27.
1101 2955 1194 3014 At
1221 2954 1504 3035 Lepidus,
1532 2955 1794 3016 adventu
1822 2957 2078 3016 Cesaris
2100 2958 2362 3035 cognito,
2400 2956 2637 3037 reliquit
2660 2978 2762 3038 op-

875 3048 1100 3128 pidum,
1125 3050 1270 3109 etin
1291 3049 1447 3111 colle
1473 3050 1733 3130 quodam
1756 3053 1987 3111 munito
2011 3052 2218 3112 castris
2238 3052 2463 3131 positis,
2500 3054 2765 3113 obterere

880 3143 1178 3206 Oaesarem
1215 3148 1275 3205 in
1315 3148 1599 3207 concione
1638 3147 1893 3207 militum
1932 3148 2129 3229 coepit,
2171 3156 2559 3227 acceptasque
2594 3149 2673 3207 ab
2694 3169 2766 3209 eo

879 3240 1120 3320 injurias
1143 3260 1456 3322 exponere.
1541 3242 1800 3302 Animus
1824 3243 1978 3302 enim
2014 3244 2073 3303 ei
2108 3252 2393 3313 creverat,
2432 3251 2525 3302 tot
2546 3245 2765 3303 circum

879 3356 942 3396 se
967 3336 1192 3396 videnti
1219 3339 1390 3416 signa
1407 3338 1725 3415 legionum,
1753 3358 2001 3418 quarum
2026 3338 2484 3408 multitudinem,
2511 3340 2771 3419 acceptis

881 3434 942 3491 in
967 3430 1142 3491 fidem
1169 3432 1575 3512 Pompeianis,
1620 3454 1801 3515 usque
1840 3434 1918 3494 ad
1957 3454 2259 3494 numerum
2286 3436 2493 3513 viginti
2519 3434 2768 3494 duarum

883 3527 1227 3588 adauxerat.
1327 3528 1522 3607 Igitur
1565 3540 1629 3590 et
1674 3530 1944 3591 Siciliam
1983 3533 2231 3591 retinere
2274 3532 2600 3610 cogitabat,
2630 3534 2769 3612 jure

883 3622 1174 3682 facturum
1191 3624 1494 3696 dictitans,
1521 3625 1683 3705 quod
1708 3636 1771 3686 et
1795 3628 2055 3687 venisset
2076 3628 2137 3686 in
2162 3647 2292 3687 eam
2314 3628 2564 3689 insulam
2590 3630 2767 3709 prior,

879 3728 942 3778 et
969 3718 1165 3798 plures
1187 3720 1463 3780 civitates
1489 3720 1546 3779 in
1573 3720 1935 3782 deditionem
1962 3724 2305 3806 accepisset.

961 3822 1060 3874 28.
1106 3815 1332 3885 Caesar,
1369 3836 1504 3876 cum
1533 3826 1597 3878 et
1620 3818 1748 3881 haec
1775 3818 2036 3879 audisset
2060 3818 2211 3891 fieri,
2246 3827 2310 3879 et
2340 3818 2544 3879 fauces
2566 3828 2771 3878 contra

879 3930 942 3971 se
967 3911 1250 3992 praesidiis
1293 3914 1540 3974 insessas
1563 3914 1825 3983 videret:
1872 3916 2089 3975 amicos
2126 3914 2203 3976 de
2240 3915 2471 3995 injuriis
2506 3922 2769 3995 questum

839 4010 846 4017 ’
881 4009 1060 4073 misit.
1155 4006 1417 4070 Remisit
1459 4010 1607 4071 alios
1653 4011 1935 4091 Lepidus,
1984 4013 2063 4075 ad
2111 4013 2595 4093 disceptationem
2636 4028 2773 4090 pro·

561 4211 774 4279 Appian.

880 4121 1116 4169 vocans.
1200 4104 1390 4165 Venit
1430 4105 1655 4177 Caesar,
1698 4115 1759 4167 et
1794 4108 2227 4189 exprobrandis
2258 4110 2551 4189 utrimque
2586 4104 2771 4167 male·

883 4196 1054 4268 ficiis,
1100 4220 1173 4258 eo
1214 4220 1542 4280 processum
1594 4212 1657 4263 ut
1700 4204 1855 4263 ultro
1895 4204 2162 4285 citroque
2206 4206 2379 4265 minse
2408 4208 2771 4291 Jacerentur.

889 4293 1050 4373 Ergo
1095 4302 1374 4379 tanquam
1422 4299 1482 4359 in
1532 4299 1753 4362 vicinia
1792 4300 2091 4365 hostilium
2134 4310 2455 4365 castrorum
2501 4302 2771 4365 excubiae
