3159 4959
576 391 751 459 5752

583 851 699 899 Dio.

580 1134 713 1186 Plut.

584 2863 705 2913 Dio.
722 2861 851 2912 Plut.

585 3067 703 3116 Dio.

586 3343 716 3392 Plut.

1544 414 1616 462 Τ.
1665 413 1853 460 lell
1939 415 1947 424 ‘

982 559 1083 614 62.
1127 553 1447 616 Proculeio
1468 555 1778 614 mandarat
1821 556 2045 625 caesar,
2071 553 2238 630 daret
2267 573 2532 634 operam,
2558 564 2628 616 ut
2651 557 2790 616 viva

904 651 963 708 in
1010 659 1375 731 potestatem:
1398 652 1626 711 veniret
1666 651 2009 731 Cleopatra,
2052 651 2334 712 thesauris
2369 651 2602 720 timeae,
2645 671 2796 730 quos

904 744 1009 805 illa
1042 766 1241 806 secum
1281 757 1670 806 crematurum
1697 749 2076 823 Jactaverat.;
2123 757 2185 806 et
2223 747 2410 828 ipsam
2448 749 2694 827 cupiens
2729 749 2794 806 ia

902 843 1198 921 triumpho
1222 841 1456 902 ducere.
1542 841 1734 918 Igitur
1757 841 1905 902 nihil
1931 843 1986 900 ei
2013 843 2347 921 promittere
2381 851 2691 911 statuerat,
2717 863 2794 901 ne

900 937 1015 996 sibi
1038 937 1321 1008 faciendi,
1346 936 1509 1016 quod
1534 937 1835 1007 voluisset,
1861 938 2150 998 adimeret
2175 947 2526 1017 potestatem
2553 957 2793 996 servan-

900 1031 981 1092 do
1006 1032 1297 1112 pollicita,
1326 1041 1431 1091 aut
1472 1031 1592 1091 fide
1633 1033 1970 1111 posthabita
2007 1033 2216 1092 merito
2254 1032 2794 1112 reprehenderetur.

904 1131 997 1188 At
1022 1128 1151 1199 illa,
1176 1127 1447 1188 diffidens
1472 1129 1762 1200 omnibus,
1805 1149 1938 1188 cum
1974 1128 2298 1192 Proculeio
2326 1150 2428 1208 per
2451 1130 2664 1188 ostium
2693 1128 2796 1188 fir-

900 1225 1072 1284 miter
1095 1224 1419 1294 occlusnm,
1442 1232 1508 1282 ut
1532 1233 1732 1283 tamen
1761 1225 1981 1304 percipi
2011 1245 2200 1284 sermo
2227 1235 2443 1306 posset,
2467 1225 2792 1294 collocuta,

900 1339 1143 1397 regnum
1171 1319 1370 1379 liberis
1408 1319 1529 1379 suis
1566 1322 1828 1398 petebat.
1914 1320 2032 1380 Ille
2063 1320 2286 1380 bonum
2331 1321 2546 1380 habere
2571 1323 2798 1399 jubens

902 1415 1181 1486 animum,
1208 1423 1271 1473 et
1294 1417 1495 1475 omnia
1532 1414 1788 1474 Caesaris
1821 1417 2170 1476 humanitati
2215 1417 2570 1497 permittere,
2599 1417 2792 1476 locum

902 1510 1131 1570 interim
1176 1510 1485 1588 diligenter
1528 1511 1982 1590 contemplatus,
2035 1513 2371 1592 imperatori
2421 1513 2795 1578 renuntiavit.

904 1607 1013 1666 Ab
1032 1608 1144 1666 hoc
1168 1608 1447 1666 continuo
1474 1607 1682 1666 missus
1707 1615 1796 1666 est
1821 1607 2136 1667 Cornelius
2163 1607 2417 1677 Gallus;
2461 1628 2581 1687 quo
2605 1607 2680 1667 de
2706 1610 2798 1668 in-

902 1699 1125 1760 dustria
1162 1701 1521 1781 producente
1570 1722 1917 1773 sermonem,
1974 1703 2332 1764 Proculeius
2381 1723 2518 1762 cum
2569 1703 2801 1764 duobus

904 1797 1201 1866 ministris,
1227 1817 1331 1876 per
1357 1796 1654 1873 fastigium
1681 1797 1942 1867 aedificii,
1985 1819 2104 1878 qua
2131 1809 2298 1877 parte
2335 1799 2514 1878 paulo
2539 1808 2676 1859 ante
2703 1821 2796 1860 re-

903 1901 1107 1972 ceptus
1128 1891 1429 1952 Antonius
1442 1891 1654 1962 fuerat,
1673 1894 1852 1952 scalis
1867 1895 2120 1955 admotis
2137 1895 2536 1972 ingressus,ad
2557 1896 2794 1966 ostium,

904 1988 1004 2048 ubi
1030 2007 1167 2048 cum
1194 1987 1379 2048 Gallo
1402 1989 1848 2069 colloquebatur
1875 1989 2220 2070 Cleopatra,
2247 1993 2600 2071 properavit.
2671 1992 2798 2052 Sed

902 2083 979 2143 ad
1007 2104 1216 2144 vocem
1240 2084 1497 2156 ancillae,
1524 2095 1543 2122 ‘
1564 2085 1622 2145 Ο
1652 2095 1712 2144 te
1737 2087 2026 2162 miseram,
2057 2087 2418 2166 Cleopatra!
2462 2088 2604 2146 viva
2628 2107 2794 2158 ecce,

902 2181 1043 2239 viva
1080 2179 1532 2260 deprehenderis
1552 2183 1569 2240 l
1593 2183 1608 2208 ⁹
1647 2184 1830 2241 sicam
1869 2181 1998 2251 illa,
2047 2202 2170 2260 qua
2207 2183 2408 2243 cincta
2445 2194 2596 2253 erat,
2638 2183 2796 2260 haud

904 2276 1145 2356 impigre
1186 2278 1494 2356 stringens,
1529 2278 1840 2337 deferebat
1879 2279 1938 2336 in
1983 2288 2222 2357 pectus:
2279 2299 2416 2338 cum
2455 2279 2800 2360 complexus

904 2391 1033 2430 eam
1064 2373 1350 2432 ambobus
1376 2373 1632 2434 brachiis
1659 2373 2034 2444 Proculeius,
2065 2383 2082 2410 ‘
2110 2373 2262 2444 Bis,'
2305 2376 2520 2453 inquit,
2549 2385 2564 2409 ⁸
2597 2376 2800 2453 iniqua

902 2489 989 2537 es,
1017 2468 1361 2549 Cleopatra,
1388 2471 1618 2550 tibique
1657 2479 1723 2530 et
1757 2470 2021 2530 Caesari:
2065 2469 2309 2530 laetioris
2350 2472 2596 2530 fortunae
2637 2473 2800 2530 vices

903 2563 1038 2632 tibi,
1083 2564 1547 2624 mansuetudinis
1591 2575 1655 2625 et
1695 2565 2027 2625 clementiae
2075 2565 2322 2644 gloriam
2360 2567 2449 2625 illi
2490 2564 2800 2625 auferens!

906 2657 1129 2739 Erepta
1172 2658 1384 2720 deinde
1434 2662 1579 2732 sica,
1631 2663 2010 2741 vestibusque
2059 2663 2340 2732 excussis,
2397 2683 2470 2720 ne
2520 2662 2664 2740 quid
2717 2661 2798 2720 ad

904 2763 1149 2812 mortem
1173 2755 1285 2816 sibi
1310 2755 1786 2816 consciscendam
1813 2766 2020 2836 aptum
2045 2757 2456 2836 relinquerent,
2485 2758 2797 2838 Epaphro-

903 2846 1029 2907 dito
1054 2869 1185 2910 eam
1212 2851 1612 2920 tradiderunt:
1655 2853 1756 2931 qui
1783 2854 1990 2912 missus
2009 2853 2086 2912 ad
2108 2855 2220 2913 hoc
2245 2873 2284 2912 a
2312 2864 2556 2933 patrono
2581 2854 2796 2922 fuerat,

904 2955 975 3004 ut
996 2942 1336 3005 mollissime
1365 2955 1426 3006 et
1459 2947 1842 3008 blandissime
1889 2949 2176 3020 habitam,
2217 2969 2444 3008 summa
2485 2949 2798 3028 diligentia

904 3042 1240 3102 custodiret.
1301 3043 1461 3102 Dum
1490 3044 1567 3103 ad
1593 3045 1748 3104 hunc
1775 3045 2009 3104 modum
2037 3045 2242 3122 regina
2261 3046 2588 3124 corripitur,
2615 3066 2798 3104 eunu-

905 3140 1051 3199 chus
1075 3141 1224 3217 ejus,
1256 3139 1479 3219 aspidis
1504 3141 1744 3200 irritatae
1773 3161 1966 3200 morsu
2005 3140 2194 3199 fatum
2226 3141 2440 3211 citans,
2478 3142 2536 3200 in
2563 3140 2796 3200 foveam

906 3244 1042 3295 ante
1070 3235 1148 3296 ad
1173 3237 1286 3294 hoc
1314 3245 1706 3315 praeparatam
1732 3256 1793 3295 se
1816 3237 2056 3295 dimisit.

988 3336 1089 3389 53.
1134 3329 1287 3390 Post
1313 3331 1439 3389 haec
1480 3331 1768 3408 ingressus
1802 3341 1893 3390 est
1917 3329 2354 3390 Alexandriam
2383 3330 2612 3400 Caesar,
2640 3331 2798 3390 Are-

908 3444 1005 3500 um
1035 3424 1449 3504 philosophum
1476 3425 1734 3485 indidem
1761 3447 1938 3486 manu
1971 3437 2196 3497 tenens,
2235 3447 2640 3506 sermonesque
2661 3447 2800 3486 cum

906 3539 981 3578 eo
1004 3539 1231 3588 serens:
1275 3541 1396 3598 quo
1420 3525 1704 3601 majorem
1732 3522 1821 3581 illi
1849 3523 2005 3603 apud
2033 3523 2195 3582 cives
2227 3543 2366 3582 suos
2389 3523 2800 3583 auctoritatem

906 3616 1105 3674 statim
1130 3617 1209 3675 ab
1234 3617 1347 3676 hoc
1388 3629 1706 3698 conspectu
1733 3618 2094 3679 conciliaret.
2179 3617 2254 3678 In
2282 3621 2586 3698 gymnasio
2613 3619 2798 3678 tribu-

584 3749 703 3796 mo·
724 3747 859 3795 Ph„-
907 3711 1008 3771 nal
1037 3711 1181 3790 erig-i
1196 3715 1485 3791 jusserat:
1528 3734 1601 3774 eo
1625 3735 1966 3784 conscenso,
1997 3715 2214 3774 Graeca
2239 3715 2524 3784 oratioue,
2563 3734 2682 3794 quo
2709 3716 2797 3773 iu-

906 3810 1093 3888 telligi
1126 3811 1205 3868 ab
1228 3811 1500 3869 omnibus
1538 3811 1754 3892 posset,
1795 3810 2242 3871 Alexandrinos
2281 3811 2442 3870 humi
2477 3819 2710 3879 stratos,
2738 3821 2801 3868 et

584 3923 883 3976 Dioetplut,
904 3907 1139 3966 veniam
1176 3903 1521 3984 suppliciter
1560 3915 1814 3976 orantes,
1857 3925 2171 3984 exsurgere
2203 3907 2421 3985 jussit:
2484 3916 2499 3940 ‘
2529 3925 2592 3964 se
2639 3907 2795 3964 enim

907 4004 1207 4060 universos
1225 4018 1385 4058 noxa
1403 3999 1652 4060 liberare
1677 4011 1792 4061 tres
1816 4003 1892 4061 ob
1910 4021 2156 4061 causas:
2197 4000 2359 4080 quod
2379 4001 2798 4060 Alexandrum

906 4095 1267 4154 conditorem
1302 4097 1441 4155 urbs
1482 4097 1817 4167 habuisset:
1863 4098 2022 4177 quod
2059 4109 2214 4157 esset
2254 4099 2382 4176 ipsa
2419 4098 2682 4156 maxima
2724 4117 2798 4156 ac

904 4191 1331 4269 pulcherrima:
1398 4203 1714 4271 postremo,
1760 4196 1922 4274 quod
1969 4197 2222 4266 Areum,
2275 4203 2400 4268 tam
2437 4211 2638 4253 carum
2679 4191 2794 4250 sibi

906 4295 1111 4366 caput,
1141 4287 1558 4367 produxisset!
