<?xml version="1.0" encoding="UTF-8"?>
<!DOCTYPE html PUBLIC "-//W3C//DTD XHTML 1.0 Transitional//EN"
    "http://www.w3.org/TR/xhtml1/DTD/xhtml1-transitional.dtd">
<html xmlns="http://www.w3.org/1999/xhtml" xml:lang="en" lang="en">
 <head>
  <title>
</title>
<meta http-equiv="Content-Type" content="text/html;charset=utf-8" />
  <meta name='ocr-system' content='tesseract 3.04.00' />
  <meta name='ocr-capabilities' content='ocr_page ocr_carea ocr_par ocr_line ocrx_word'/>
</head>
<body>
  <div class='ocr_page' id='page_1' title='image "./tliviipatavinih09livygoog_0233.png"; bbox 0 0 3159 4959; ppageno 0'>
   <div class='ocr_carea' id='block_1_1' title="bbox 890 427 2626 510">
    <p class='ocr_par' dir='ltr' id='par_1_1' title="bbox 890 427 2626 510">
     <span class='ocr_line' id='line_1_1' title="bbox 890 427 2626 510; baseline 0.003 -6"><span class='ocrx_word' id='word_1_1' title='bbox 890 454 1097 505; x_wconf 69' lang='lat' dir='ltr'><strong>msa!</strong></span> <span class='ocrx_word' id='word_1_2' title='bbox 1145 450 1460 502; x_wconf 76' lang='lat' dir='ltr'><strong>cxxxii.</strong></span> <span class='ocrx_word' id='word_1_3' title='bbox 1502 443 2154 504; x_wconf 61' lang='lat' dir='ltr'><strong>surranum-trun.</strong></span> <span class='ocrx_word' id='word_1_4' title='bbox 2450 427 2626 510; x_wconf 74' lang='lat'><strong>5⁷05</strong></span> 
     </span>
    </p>
   </div>
   <div class='ocr_carea' id='block_1_2' title="bbox 408 585 2631 4222">
    <p class='ocr_par' dir='ltr' id='par_1_2' title="bbox 410 585 2302 868">
     <span class='ocr_line' id='line_1_2' title="bbox 410 585 2302 676; baseline -0.002 -18"><span class='ocrx_word' id='word_1_5' title='bbox 410 599 647 660; x_wconf 79' lang='lat' dir='ltr'><strong>cuinam</strong></span> <span class='ocrx_word' id='word_1_6' title='bbox 680 597 789 658; x_wconf 69' lang='lat' dir='ltr'><strong>ma</strong></span> <span class='ocrx_word' id='word_1_7' title='bbox 810 598 1103 658; x_wconf 73' lang='lat' dir='ltr'><strong>sociorum</strong></span> <span class='ocrx_word' id='word_1_8' title='bbox 1135 585 1335 674; x_wconf 75' lang='lat' dir='ltr'><strong>regum</strong></span> <span class='ocrx_word' id='word_1_9' title='bbox 1360 594 1674 676; x_wconf 84' lang='lat' dir='ltr'><strong>prudentia</strong></span> <span class='ocrx_word' id='word_1_10' title='bbox 1695 593 2025 656; x_wconf 80' lang='lat' dir='ltr'><strong>concedat:</strong></span> <span class='ocrx_word' id='word_1_11' title='bbox 2069 596 2302 673; x_wconf 78' lang='lat' dir='ltr'><strong>ingenio</strong></span> 
     </span>
     <span class='ocr_line' id='line_1_3' title="bbox 411 691 2302 774; baseline -0.001 -21"><span class='ocrx_word' id='word_1_12' title='bbox 411 693 614 765; x_wconf 72' lang='lat' dir='ltr'><strong>solem,</strong></span> <span class='ocrx_word' id='word_1_13' title='bbox 638 713 747 753; x_wconf 81' lang='lat' dir='ltr'><strong>usu</strong></span> <span class='ocrx_word' id='word_1_14' title='bbox 771 694 981 774; x_wconf 75' lang='lat' dir='ltr'><strong>perita,</strong></span> <span class='ocrx_word' id='word_1_15' title='bbox 1008 707 1142 773; x_wconf 72' lang='lat' dir='ltr'><strong>quae</strong></span> <span class='ocrx_word' id='word_1_16' title='bbox 1166 699 1395 752; x_wconf 83' lang='lat' dir='ltr'><strong>tantuin</strong></span> <span class='ocrx_word' id='word_1_17' title='bbox 1421 711 1666 771; x_wconf 73' lang='lat' dir='ltr'><strong>regnum</strong></span> <span class='ocrx_word' id='word_1_18' title='bbox 1691 691 1870 771; x_wconf 80' lang='lat' dir='ltr'><strong>longo</strong></span> <span class='ocrx_word' id='word_1_19' title='bbox 1887 699 2150 772; x_wconf 86' lang='lat' dir='ltr'><strong>tempore</strong></span> <span class='ocrx_word' id='word_1_20' title='bbox 2172 693 2302 752; x_wconf 81' lang='lat' dir='ltr'><strong>sola</strong></span> 
     </span>
     <span class='ocr_line' id='line_1_4' title="bbox 414 790 1972 868; baseline 0 -18"><span class='ocrx_word' id='word_1_21' title='bbox 414 790 828 868; x_wconf 54' lang='lat' dir='ltr'><strong>gubernasset?</strong></span> <span class='ocrx_word' id='word_1_22' title='bbox 1967 797 1972 802; x_wconf 77' lang='grc'><em>“</em></span> 
     </span>
    </p>

    <p class='ocr_par' dir='ltr' id='par_1_3' title="bbox 408 884 2388 2495">
     <span class='ocr_line' id='line_1_5' title="bbox 494 884 2302 964; baseline 0.001 -19"><span class='ocrx_word' id='word_1_23' title='bbox 494 893 553 945; x_wconf 86' lang='grc'><strong>4.</strong></span> <span class='ocrx_word' id='word_1_24' title='bbox 598 885 759 944; x_wconf 76' lang='lat' dir='ltr'><strong>Haec</strong></span> <span class='ocrx_word' id='word_1_25' title='bbox 784 885 973 944; x_wconf 86' lang='lat' dir='ltr'><strong>oratio</strong></span> <span class='ocrx_word' id='word_1_26' title='bbox 998 885 1155 964; x_wconf 88' lang='lat' dir='ltr'><strong>apud</strong></span> <span class='ocrx_word' id='word_1_27' title='bbox 1184 885 1559 944; x_wconf 78' lang='lat' dir='ltr'><strong>mulierosum</strong></span> <span class='ocrx_word' id='word_1_28' title='bbox 1600 884 1914 956; x_wconf 85' lang='lat' dir='ltr'><strong>bominem,</strong></span> <span class='ocrx_word' id='word_1_29' title='bbox 1941 894 2005 944; x_wconf 88' lang='lat' dir='ltr'><strong>et</strong></span> <span class='ocrx_word' id='word_1_30' title='bbox 2027 887 2302 946; x_wconf 77' lang='lat' dir='ltr'><strong>vitiorum</strong></span> 
     </span>
     <span class='ocr_line' id='line_1_6' title="bbox 412 977 2302 1063; baseline 0.001 -23"><span class='ocrx_word' id='word_1_31' title='bbox 412 999 643 1040; x_wconf 81' lang='lat' dir='ltr'><strong>suorum</strong></span> <span class='ocrx_word' id='word_1_32' title='bbox 676 981 984 1041; x_wconf 79' lang='lat' dir='ltr'><strong>advocatis</strong></span> <span class='ocrx_word' id='word_1_33' title='bbox 1007 977 1331 1050; x_wconf 66' lang='lat' dir='ltr'><strong>faventem}</strong></span> <span class='ocrx_word' id='word_1_34' title='bbox 1370 979 1596 1039; x_wconf 76' lang='lat' dir='ltr'><strong>valuitt</strong></span> <span class='ocrx_word' id='word_1_35' title='bbox 1637 999 1874 1060; x_wconf 86' lang='lat' dir='ltr'><strong>unaque</strong></span> <span class='ocrx_word' id='word_1_36' title='bbox 1901 979 2142 1040; x_wconf 82' lang='lat' dir='ltr'><strong>Samum</strong></span> <span class='ocrx_word' id='word_1_37' title='bbox 2167 1001 2302 1063; x_wconf 88' lang='lat' dir='ltr'><strong>pro-</strong></span> 
     </span>
     <span class='ocr_line' id='line_1_7' title="bbox 410 1073 2304 1155; baseline 0.001 -21"><span class='ocrx_word' id='word_1_38' title='bbox 410 1074 573 1146; x_wconf 78' lang='lat' dir='ltr'><strong>fecti,</strong></span> <span class='ocrx_word' id='word_1_39' title='bbox 614 1077 837 1137; x_wconf 74' lang='lat' dir='ltr'><strong>coactis</strong></span> <span class='ocrx_word' id='word_1_40' title='bbox 878 1074 1139 1154; x_wconf 85' lang='lat' dir='ltr'><strong>undique</strong></span> <span class='ocrx_word' id='word_1_41' title='bbox 1179 1075 1425 1135; x_wconf 78' lang='lat' dir='ltr'><strong>scenicis</strong></span> <span class='ocrx_word' id='word_1_42' title='bbox 1463 1073 1808 1146; x_wconf 87' lang='lat' dir='ltr'><strong>artificibus,</strong></span> <span class='ocrx_word' id='word_1_43' title='bbox 1844 1085 1906 1135; x_wconf 89' lang='lat' dir='ltr'><strong>et</strong></span> <span class='ocrx_word' id='word_1_44' title='bbox 1948 1076 2304 1155; x_wconf 82' lang='lat' dir='ltr'><strong>quicumque</strong></span> 
     </span>
     <span class='ocr_line' id='line_1_8' title="bbox 408 1170 2306 1252; baseline 0.001 -22"><span class='ocrx_word' id='word_1_45' title='bbox 408 1170 567 1230; x_wconf 84' lang='lat' dir='ltr'><strong>ludis</strong></span> <span class='ocrx_word' id='word_1_46' title='bbox 608 1191 849 1251; x_wconf 85' lang='lat' dir='ltr'><strong>operam</strong></span> <span class='ocrx_word' id='word_1_47' title='bbox 896 1179 1171 1252; x_wconf 62' lang='lat' dir='ltr'><strong>praestare</strong></span> <span class='ocrx_word' id='word_1_48' title='bbox 1216 1170 1377 1230; x_wconf 87' lang='lat' dir='ltr'><strong>soliti</strong></span> <span class='ocrx_word' id='word_1_49' title='bbox 1416 1180 1604 1241; x_wconf 85' lang='lat' dir='ltr'><strong>erant,</strong></span> <span class='ocrx_word' id='word_1_50' title='bbox 1649 1170 1800 1230; x_wconf 86' lang='lat' dir='ltr'><strong>inter</strong></span> <span class='ocrx_word' id='word_1_51' title='bbox 1843 1173 2306 1252; x_wconf 83' lang='lat' dir='ltr'><strong>compotationes</strong></span> 
     </span>
     <span class='ocr_line' id='line_1_9' title="bbox 410 1265 2302 1347; baseline 0.002 -20"><span class='ocrx_word' id='word_1_52' title='bbox 410 1267 742 1347; x_wconf 55' lang='lat' dir='ltr'><strong>epulasque,</strong></span> <span class='ocrx_word' id='word_1_53' title='bbox 752 1276 874 1326; x_wconf 87' lang='lat' dir='ltr'><strong>tam</strong></span> <span class='ocrx_word' id='word_1_54' title='bbox 898 1265 1054 1326; x_wconf 82' lang='lat' dir='ltr'><strong>foedo</strong></span> <span class='ocrx_word' id='word_1_55' title='bbox 1090 1265 1237 1326; x_wconf 83' lang='lat' dir='ltr'><strong>luxu</strong></span> <span class='ocrx_word' id='word_1_56' title='bbox 1272 1265 1670 1338; x_wconf 69' lang='lat' dir='ltr'><strong>solvebantur,</strong></span> <span class='ocrx_word' id='word_1_57' title='bbox 1699 1276 1766 1327; x_wconf 85' lang='lat' dir='ltr'><strong>ut</strong></span> <span class='ocrx_word' id='word_1_58' title='bbox 1790 1267 2170 1346; x_wconf 74' lang='lat' dir='ltr'><strong>vulg-arentur</strong></span> <span class='ocrx_word' id='word_1_59' title='bbox 2185 1289 2302 1330; x_wconf 82' lang='lat' dir='ltr'><strong>ser-</strong></span> 
     </span>
     <span class='ocr_line' id='line_1_10' title="bbox 411 1363 2308 1443; baseline 0.001 -19"><span class='ocrx_word' id='word_1_60' title='bbox 411 1383 615 1424; x_wconf 84' lang='lat' dir='ltr'><strong>mones</strong></span> <span class='ocrx_word' id='word_1_61' title='bbox 652 1364 1011 1432; x_wconf 84' lang='lat' dir='ltr'><strong>mirantium,</strong></span> <span class='ocrx_word' id='word_1_62' title='bbox 1038 1371 1056 1398; x_wconf 89' lang='lat'>‘</span> <span class='ocrx_word' id='word_1_63' title='bbox 1076 1363 1283 1442; x_wconf 83' lang='lat' dir='ltr'><strong>quales</strong></span> <span class='ocrx_word' id='word_1_64' title='bbox 1308 1363 1485 1440; x_wconf 77' lang='lat' dir='ltr'><strong>igitur</strong></span> <span class='ocrx_word' id='word_1_65' title='bbox 1508 1363 1569 1422; x_wconf 83' lang='lat' dir='ltr'><strong>hi</strong></span> <span class='ocrx_word' id='word_1_66' title='bbox 1612 1372 1744 1443; x_wconf 84' lang='lat' dir='ltr'><strong>post</strong></span> <span class='ocrx_word' id='word_1_67' title='bbox 1773 1364 2078 1423; x_wconf 82' lang='lat' dir='ltr'><strong>victoriam</strong></span> <span class='ocrx_word' id='word_1_68' title='bbox 2113 1375 2308 1426; x_wconf 81' lang='lat' dir='ltr'><strong>essent</strong></span> 
     </span>
     <span class='ocr_line' id='line_1_11' title="bbox 408 1457 2302 1539; baseline 0.001 -21"><span class='ocrx_word' id='word_1_69' title='bbox 408 1459 617 1528; x_wconf 79' lang='lat' dir='ltr'><strong>futuri,</strong></span> <span class='ocrx_word' id='word_1_70' title='bbox 643 1458 747 1538; x_wconf 86' lang='lat' dir='ltr'><strong>qui</strong></span> <span class='ocrx_word' id='word_1_71' title='bbox 766 1467 889 1516; x_wconf 86' lang='lat' dir='ltr'><strong>tam</strong></span> <span class='ocrx_word' id='word_1_72' title='bbox 912 1457 1177 1518; x_wconf 71' lang='lat' dir='ltr'>hilariter</span> <span class='ocrx_word' id='word_1_73' title='bbox 1200 1466 1263 1517; x_wconf 87' lang='lat' dir='ltr'><strong>et</strong></span> <span class='ocrx_word' id='word_1_74' title='bbox 1286 1458 1519 1539; x_wconf 81' lang='lat' dir='ltr'><strong>profuse</strong></span> <span class='ocrx_word' id='word_1_75' title='bbox 1552 1461 1706 1519; x_wconf 88' lang='lat' dir='ltr'><strong>inter</strong></span> <span class='ocrx_word' id='word_1_76' title='bbox 1727 1459 2184 1538; x_wconf 66' lang='lat' dir='ltr'><strong>comparandam</strong></span> <span class='ocrx_word' id='word_1_77' title='bbox 2203 1481 2302 1538; x_wconf 74' lang='lat' dir='ltr'><strong>ge-</strong></span> 
     </span>
     <span class='ocr_line' id='line_1_12' title="bbox 414 1551 2306 1630; baseline 0.001 -17"><span class='ocrx_word' id='word_1_78' title='bbox 414 1553 515 1614; x_wconf 84' lang='lat' dir='ltr'><strong>nio</strong></span> <span class='ocrx_word' id='word_1_79' title='bbox 530 1553 943 1630; x_wconf 60' lang='lat' dir='ltr'><strong>indulgerent?</strong></span> <span class='ocrx_word' id='word_1_80' title='bbox 994 1552 1113 1612; x_wconf 83' lang='lat' dir='ltr'><strong>Sed</strong></span> <span class='ocrx_word' id='word_1_81' title='bbox 1135 1553 1457 1624; x_wconf 86' lang='lat' dir='ltr'><strong>Antonius,</strong></span> <span class='ocrx_word' id='word_1_82' title='bbox 1482 1553 1800 1613; x_wconf 82' lang='lat' dir='ltr'><strong>Bacchicis</strong></span> <span class='ocrx_word' id='word_1_83' title='bbox 1817 1551 2144 1614; x_wconf 86' lang='lat' dir='ltr'><strong>artificibus</strong></span> <span class='ocrx_word' id='word_1_84' title='bbox 2161 1558 2306 1615; x_wconf 86' lang='lat' dir='ltr'><strong>data</strong></span> 
     </span>
     <span class='ocr_line' id='line_1_13' title="bbox 414 1641 2304 1720; baseline 0.002 -11"><span class='ocrx_word' id='word_1_85' title='bbox 414 1649 491 1709; x_wconf 90' lang='lat' dir='ltr'><strong>ad</strong></span> <span class='ocrx_word' id='word_1_86' title='bbox 518 1649 897 1709; x_wconf 85' lang='lat' dir='ltr'><strong>habitandum</strong></span> <span class='ocrx_word' id='word_1_87' title='bbox 920 1648 1161 1720; x_wconf 83' lang='lat' dir='ltr'><strong>Priene,</strong></span> <span class='ocrx_word' id='word_1_88' title='bbox 1189 1641 1465 1710; x_wconf 81' lang='lat' dir='ltr'><strong>Athenas</strong></span> <span class='ocrx_word' id='word_1_89' title='bbox 1488 1651 1740 1710; x_wconf 83' lang='lat' dir='ltr'><strong>instituit</strong></span> <span class='ocrx_word' id='word_1_90' title='bbox 1761 1671 2013 1712; x_wconf 86' lang='lat' dir='ltr'><strong>cursum.</strong></span> <span class='ocrx_word' id='word_1_91' title='bbox 2098 1649 2196 1710; x_wconf 89' lang='lat' dir='ltr'><strong>Ibi</strong></span> <span class='ocrx_word' id='word_1_92' title='bbox 2215 1671 2304 1712; x_wconf 86' lang='lat' dir='ltr'><strong>re-</strong></span> 
     </span>
     <span class='ocr_line' id='line_1_14' title="bbox 413 1745 2307 1827; baseline 0.001 -21"><span class='ocrx_word' id='word_1_93' title='bbox 413 1755 631 1806; x_wconf 75' lang='lat' dir='ltr'><strong>novata</strong></span> <span class='ocrx_word' id='word_1_94' title='bbox 656 1745 922 1805; x_wconf 82' lang='lat' dir='ltr'><strong>ludorum</strong></span> <span class='ocrx_word' id='word_1_95' title='bbox 950 1755 1131 1825; x_wconf 82' lang='lat' dir='ltr'><strong>atque</strong></span> <span class='ocrx_word' id='word_1_96' title='bbox 1154 1747 1556 1807; x_wconf 79' lang='lat' dir='ltr'><strong>conviviorum</strong></span> <span class='ocrx_word' id='word_1_97' title='bbox 1599 1757 1690 1806; x_wconf 85' lang='lat' dir='ltr'><strong>est</strong></span> <span class='ocrx_word' id='word_1_98' title='bbox 1713 1749 2200 1827; x_wconf 71' lang='lat' dir='ltr'><strong>intemperantia:</strong></span> <span class='ocrx_word' id='word_1_99' title='bbox 2244 1757 2307 1808; x_wconf 83' lang='lat' dir='ltr'><strong>et</strong></span> 
     </span>
     <span class='ocr_line' id='line_1_15' title="bbox 413 1841 2304 1922; baseline 0 -20"><span class='ocrx_word' id='word_1_100' title='bbox 413 1841 759 1922; x_wconf 82' lang='lat' dir='ltr'><strong>Cleopatra,</strong></span> <span class='ocrx_word' id='word_1_101' title='bbox 807 1863 879 1902; x_wconf 88' lang='lat' dir='ltr'><strong>ne</strong></span> <span class='ocrx_word' id='word_1_102' title='bbox 909 1843 1231 1902; x_wconf 76' lang='lat' dir='ltr'><strong>minoribus</strong></span> <span class='ocrx_word' id='word_1_103' title='bbox 1269 1843 1353 1902; x_wconf 90' lang='lat' dir='ltr'><strong>ibi</strong></span> <span class='ocrx_word' id='word_1_104' title='bbox 1393 1843 1710 1903; x_wconf 84' lang='lat' dir='ltr'><strong>honoribus</strong></span> <span class='ocrx_word' id='word_1_105' title='bbox 1743 1842 2091 1914; x_wconf 77' lang='lat' dir='ltr'><strong>afficeretur,</strong></span> <span class='ocrx_word' id='word_1_106' title='bbox 2124 1864 2304 1922; x_wconf 83' lang='lat' dir='ltr'><strong>quam</strong></span> 
     </span>
     <span class='ocr_line' id='line_1_16' title="bbox 412 1928 2309 2018; baseline -0.001 -20"><span class='ocrx_word' id='word_1_107' title='bbox 412 1946 715 2018; x_wconf 78' lang='lat' dir='ltr'><strong>acceptam</strong></span> <span class='ocrx_word' id='word_1_108' title='bbox 750 1957 875 1996; x_wconf 88' lang='lat' dir='ltr'><strong>esse</strong></span> <span class='ocrx_word' id='word_1_109' title='bbox 911 1928 1233 1998; x_wconf 77' lang='lat' dir='ltr'><strong>Octaviam</strong></span> <span class='ocrx_word' id='word_1_110' title='bbox 1272 1937 1600 2012; x_wconf 85' lang='lat' dir='ltr'><strong>audiverat,</strong></span> <span class='ocrx_word' id='word_1_111' title='bbox 1663 1938 2060 1998; x_wconf 73' lang='lat' dir='ltr'><strong>Athenienses</strong></span> <span class='ocrx_word' id='word_1_112' title='bbox 2105 1939 2309 1998; x_wconf 83' lang='lat' dir='ltr'><strong>multis</strong></span> 
     </span>
     <span class='ocr_line' id='line_1_17' title="bbox 413 2031 2388 2112; baseline 0 -20"><span class='ocrx_word' id='word_1_113' title='bbox 413 2034 745 2092; x_wconf 77' lang='lat' dir='ltr'><strong>muneribus</strong></span> <span class='ocrx_word' id='word_1_114' title='bbox 764 2033 969 2094; x_wconf 72' lang='lat' dir='ltr'><strong>coluit:</strong></span> <span class='ocrx_word' id='word_1_115' title='bbox 1057 2031 1295 2094; x_wconf 85' lang='lat' dir='ltr'><strong>Idcirco</strong></span> <span class='ocrx_word' id='word_1_116' title='bbox 1312 2036 1445 2112; x_wconf 83' lang='lat' dir='ltr'><strong>jam</strong></span> <span class='ocrx_word' id='word_1_117' title='bbox 1468 2053 1505 2092; x_wconf 89' lang='lat' dir='ltr'><strong>a</strong></span> <span class='ocrx_word' id='word_1_118' title='bbox 1530 2034 1732 2093; x_wconf 86' lang='lat' dir='ltr'><strong>multis</strong></span> <span class='ocrx_word' id='word_1_119' title='bbox 1749 2034 2029 2094; x_wconf 59' lang='lat' dir='ltr'><strong>ktatibus</strong></span> <span class='ocrx_word' id='word_1_120' title='bbox 2051 2053 2308 2092; x_wconf 82' lang='lat' dir='ltr'><strong>summus</strong></span> <span class='ocrx_word' id='word_1_121' title='bbox 2377 2091 2388 2102; x_wconf 80' lang='grc'><strong>,</strong></span> 
     </span>
     <span class='ocr_line' id='line_1_18' title="bbox 412 2128 2308 2209; baseline 0.001 -21"><span class='ocrx_word' id='word_1_122' title='bbox 412 2129 803 2208; x_wconf 76' lang='lat' dir='ltr'><strong>potentiorum</strong></span> <span class='ocrx_word' id='word_1_123' title='bbox 838 2128 1111 2190; x_wconf 76' lang='lat' dir='ltr'><strong>adulator</strong></span> <span class='ocrx_word' id='word_1_124' title='bbox 1146 2128 1421 2209; x_wconf 86' lang='lat' dir='ltr'><strong>populus,</strong></span> <span class='ocrx_word' id='word_1_125' title='bbox 1462 2129 1808 2190; x_wconf 84' lang='lat' dir='ltr'><strong>immodicos</strong></span> <span class='ocrx_word' id='word_1_126' title='bbox 1845 2131 1900 2189; x_wconf 89' lang='lat' dir='ltr'><strong>ei</strong></span> <span class='ocrx_word' id='word_1_127' title='bbox 1926 2130 2174 2190; x_wconf 84' lang='lat' dir='ltr'><strong>bonores</strong></span> <span class='ocrx_word' id='word_1_128' title='bbox 2199 2129 2308 2190; x_wconf 88' lang='lat' dir='ltr'><strong>de-</strong></span> 
     </span>
     <span class='ocr_line' id='line_1_19' title="bbox 410 2225 2308 2306; baseline -0.001 -21"><span class='ocrx_word' id='word_1_129' title='bbox 410 2226 619 2285; x_wconf 69' lang='lat' dir='ltr'><strong>crevit.</strong></span> <span class='ocrx_word' id='word_1_130' title='bbox 702 2225 783 2285; x_wconf 89' lang='lat' dir='ltr'><strong>Id</strong></span> <span class='ocrx_word' id='word_1_131' title='bbox 830 2227 1203 2306; x_wconf 76' lang='lat' dir='ltr'><strong>plebiscitum</strong></span> <span class='ocrx_word' id='word_1_132' title='bbox 1249 2225 1401 2285; x_wconf 89' lang='lat' dir='ltr'><strong>inter</strong></span> <span class='ocrx_word' id='word_1_133' title='bbox 1448 2228 1730 2305; x_wconf 84' lang='lat' dir='ltr'><strong>primores</strong></span> <span class='ocrx_word' id='word_1_134' title='bbox 1763 2226 1964 2306; x_wconf 86' lang='lat' dir='ltr'><strong>oppidi</strong></span> <span class='ocrx_word' id='word_1_135' title='bbox 2006 2226 2308 2286; x_wconf 87' lang='lat' dir='ltr'><strong>Antonius</strong></span> 
     </span>
     <span class='ocr_line' id='line_1_20' title="bbox 411 2321 2303 2400; baseline 0.001 -20"><span class='ocrx_word' id='word_1_136' title='bbox 411 2323 613 2392; x_wconf 84' lang='lat' dir='ltr'><strong>etiam,</strong></span> <span class='ocrx_word' id='word_1_137' title='bbox 640 2322 789 2382; x_wconf 74' lang='lat' dir='ltr'><strong>civis</strong></span> <span class='ocrx_word' id='word_1_138' title='bbox 806 2321 1199 2382; x_wconf 65' lang='lat' dir='ltr'><strong>TAtheniensis</strong></span> <span class='ocrx_word' id='word_1_139' title='bbox 1226 2321 1477 2393; x_wconf 89' lang='lat' dir='ltr'><strong>scilicet,</strong></span> <span class='ocrx_word' id='word_1_140' title='bbox 1510 2323 1588 2382; x_wconf 84' lang='lat' dir='ltr'><strong>ad</strong></span> <span class='ocrx_word' id='word_1_141' title='bbox 1621 2323 1882 2400; x_wconf 79' lang='lat' dir='ltr'><strong>reginam</strong></span> <span class='ocrx_word' id='word_1_142' title='bbox 1915 2322 2151 2394; x_wconf 89' lang='lat' dir='ltr'><strong>detulit,</strong></span> <span class='ocrx_word' id='word_1_143' title='bbox 2172 2343 2303 2383; x_wconf 83' lang='lat' dir='ltr'><strong>ora-</strong></span> 
     </span>
     <span class='ocr_line' id='line_1_21' title="bbox 408 2415 1601 2495; baseline 0.001 -19"><span class='ocrx_word' id='word_1_144' title='bbox 408 2415 745 2495; x_wconf 79' lang='lat' dir='ltr'><strong>tionemque</strong></span> <span class='ocrx_word' id='word_1_145' title='bbox 786 2416 995 2475; x_wconf 79' lang='lat' dir='ltr'><strong>habuit</strong></span> <span class='ocrx_word' id='word_1_146' title='bbox 1045 2417 1278 2476; x_wconf 87' lang='lat' dir='ltr'><strong>nomine</strong></span> <span class='ocrx_word' id='word_1_147' title='bbox 1324 2417 1601 2478; x_wconf 84' lang='lat' dir='ltr'><strong>civitatis.</strong></span> 
     </span>
    </p>

    <p class='ocr_par' dir='ltr' id='par_1_4' title="bbox 410 2511 2615 3934">
     <span class='ocr_line' id='line_1_22' title="bbox 494 2511 2598 2636; baseline 0.001 -65"><span class='ocrx_word' id='word_1_148' title='bbox 494 2519 554 2571; x_wconf 80' lang='lat'><strong>5.</strong></span> <span class='ocrx_word' id='word_1_149' title='bbox 593 2511 749 2572; x_wconf 85' lang='lat' dir='ltr'><strong>Tum</strong></span> <span class='ocrx_word' id='word_1_150' title='bbox 788 2533 926 2572; x_wconf 84' lang='lat' dir='ltr'><strong>vero</strong></span> <span class='ocrx_word' id='word_1_151' title='bbox 958 2532 1075 2572; x_wconf 87' lang='lat' dir='ltr'><strong>non</strong></span> <span class='ocrx_word' id='word_1_152' title='bbox 1120 2513 1341 2574; x_wconf 88' lang='lat' dir='ltr'><strong>diutius</strong></span> <span class='ocrx_word' id='word_1_153' title='bbox 1370 2515 1656 2574; x_wconf 84' lang='lat' dir='ltr'><strong>sustinere</strong></span> <span class='ocrx_word' id='word_1_154' title='bbox 1691 2517 1902 2595; x_wconf 88' lang='lat' dir='ltr'><strong>potuit,</strong></span> <span class='ocrx_word' id='word_1_155' title='bbox 1945 2517 2085 2595; x_wconf 85' lang='lat' dir='ltr'><strong>quin</strong></span> <span class='ocrx_word' id='word_1_156' title='bbox 2131 2535 2305 2597; x_wconf 89' lang='lat' dir='ltr'><strong>repu-</strong></span> <span class='ocrx_word' id='word_1_157' title='bbox 2330 2520 2436 2600; x_wconf 47' lang='grc' dir='ltr'><strong>Ην..</strong></span> <span class='ocrx_word' id='word_1_158' title='bbox 2466 2523 2598 2636; x_wconf 59' lang='lat' dir='ltr'><strong>Egit.</strong></span> 
     </span>
     <span class='ocr_line' id='line_1_23' title="bbox 410 2585 2615 2690; baseline 0.002 -23"><span class='ocrx_word' id='word_1_159' title='bbox 410 2606 574 2667; x_wconf 82' lang='lat' dir='ltr'><strong>dium</strong></span> <span class='ocrx_word' id='word_1_160' title='bbox 602 2607 879 2668; x_wconf 66' lang='lat' dir='ltr'><strong>Octavia!</strong></span> <span class='ocrx_word' id='word_1_161' title='bbox 914 2611 1213 2677; x_wconf 81' lang='lat' dir='ltr'><strong>mitteret;</strong></span> <span class='ocrx_word' id='word_1_162' title='bbox 1256 2626 1505 2688; x_wconf 85' lang='lat' dir='ltr'><strong>eamque</strong></span> <span class='ocrx_word' id='word_1_163' title='bbox 1543 2611 1662 2669; x_wconf 83' lang='lat' dir='ltr'><strong>suis</strong></span> <span class='ocrx_word' id='word_1_164' title='bbox 1685 2610 1914 2670; x_wconf 82' lang='lat' dir='ltr'><strong>aedibus</strong></span> <span class='ocrx_word' id='word_1_165' title='bbox 1927 2613 2170 2690; x_wconf 85' lang='lat' dir='ltr'><strong>juberet</strong></span> <span class='ocrx_word' id='word_1_166' title='bbox 2198 2631 2304 2672; x_wconf 84' lang='lat' dir='ltr'><strong>ex·</strong></span> <span class='ocrx_word' id='word_1_167' title='bbox 2363 2585 2479 2634; x_wconf 54' lang='grc' dir='ltr'><strong>ΒΨ·</strong></span> <span class='ocrx_word' id='word_1_168' title='bbox 2535 2603 2615 2636; x_wconf 73' lang='lat'><strong>¹⁰⁸</strong></span> 
     </span>
     <span class='ocr_line' id='line_1_24' title="bbox 412 2702 2306 2788; baseline 0.004 -26"><span class='ocrx_word' id='word_1_169' title='bbox 412 2702 639 2764; x_wconf 80' lang='lat' dir='ltr'><strong>cedere.</strong></span> <span class='ocrx_word' id='word_1_170' title='bbox 723 2702 847 2763; x_wconf 84' lang='lat' dir='ltr'><strong>Illa</strong></span> <span class='ocrx_word' id='word_1_171' title='bbox 888 2703 1144 2784; x_wconf 77' lang='lat' dir='ltr'><strong>plorans,</strong></span> <span class='ocrx_word' id='word_1_172' title='bbox 1184 2713 1247 2764; x_wconf 84' lang='lat' dir='ltr'><strong>et</strong></span> <span class='ocrx_word' id='word_1_173' title='bbox 1291 2704 1753 2765; x_wconf 82' lang='lat' dir='ltr'><strong>lamentabunda</strong></span> <span class='ocrx_word' id='word_1_174' title='bbox 1790 2727 1854 2765; x_wconf 89' lang='lat' dir='ltr'><strong>se</strong></span> <span class='ocrx_word' id='word_1_175' title='bbox 1893 2715 2130 2788; x_wconf 79' lang='lat' dir='ltr'><strong>quoque</strong></span> <span class='ocrx_word' id='word_1_176' title='bbox 2154 2709 2306 2769; x_wconf 86' lang='lat' dir='ltr'><strong>inter</strong></span> 
     </span>
     <span class='ocr_line' id='line_1_25' title="bbox 410 2799 2308 2884; baseline 0.002 -24"><span class='ocrx_word' id='word_1_177' title='bbox 410 2803 619 2860; x_wconf 82' lang='lat' dir='ltr'><strong>causas</strong></span> <span class='ocrx_word' id='word_1_178' title='bbox 650 2799 796 2860; x_wconf 89' lang='lat' dir='ltr'><strong>belli</strong></span> <span class='ocrx_word' id='word_1_179' title='bbox 834 2819 981 2870; x_wconf 85' lang='lat' dir='ltr'><strong>esse,</strong></span> <span class='ocrx_word' id='word_1_180' title='bbox 1023 2801 1251 2869; x_wconf 71' lang='lat' dir='ltr'><strong>exivit:</strong></span> <span class='ocrx_word' id='word_1_181' title='bbox 1298 2819 1373 2859; x_wconf 88' lang='lat' dir='ltr'><strong>ne</strong></span> <span class='ocrx_word' id='word_1_182' title='bbox 1416 2809 1539 2860; x_wconf 89' lang='lat' dir='ltr'><strong>tum</strong></span> <span class='ocrx_word' id='word_1_183' title='bbox 1579 2801 1818 2881; x_wconf 85' lang='lat' dir='ltr'><strong>quidem</strong></span> <span class='ocrx_word' id='word_1_184' title='bbox 1852 2822 1996 2864; x_wconf 91' lang='lat' dir='ltr'><strong>cura</strong></span> <span class='ocrx_word' id='word_1_185' title='bbox 2036 2802 2308 2884; x_wconf 85' lang='lat' dir='ltr'><strong>deposita</strong></span> 
     </span>
     <span class='ocr_line' id='line_1_26' title="bbox 410 2887 2305 2978; baseline 0.002 -24"><span class='ocrx_word' id='word_1_186' title='bbox 410 2894 827 2974; x_wconf 77' lang='lat' dir='ltr'><strong>privignorum,</strong></span> <span class='ocrx_word' id='word_1_187' title='bbox 868 2915 1019 2975; x_wconf 85' lang='lat' dir='ltr'><strong>quos</strong></span> <span class='ocrx_word' id='word_1_188' title='bbox 1058 2915 1176 2956; x_wconf 87' lang='lat' dir='ltr'><strong>una</strong></span> <span class='ocrx_word' id='word_1_189' title='bbox 1206 2915 1404 2956; x_wconf 84' lang='lat' dir='ltr'><strong>secum</strong></span> <span class='ocrx_word' id='word_1_190' title='bbox 1450 2895 1682 2967; x_wconf 83' lang='lat' dir='ltr'><strong>eduxit,</strong></span> <span class='ocrx_word' id='word_1_191' title='bbox 1729 2905 1940 2978; x_wconf 69' lang='lat' dir='ltr'><strong>praeter</strong></span> <span class='ocrx_word' id='word_1_192' title='bbox 1983 2887 2305 2958; x_wconf 83' lang='lat' dir='ltr'><strong>maximum</strong></span> 
     </span>
     <span class='ocr_line' id='line_1_27' title="bbox 412 2983 2303 3078; baseline 0.002 -28"><span class='ocrx_word' id='word_1_193' title='bbox 412 3001 575 3062; x_wconf 83' lang='lat' dir='ltr'><strong>natu,</strong></span> <span class='ocrx_word' id='word_1_194' title='bbox 602 2993 703 3072; x_wconf 87' lang='lat' dir='ltr'><strong>qui</strong></span> <span class='ocrx_word' id='word_1_195' title='bbox 724 2983 1021 3072; x_wconf 80' lang='lat' dir='ltr'><strong>profectus</strong></span> <span class='ocrx_word' id='word_1_196' title='bbox 1045 2992 1124 3050; x_wconf 90' lang='lat' dir='ltr'><strong>ad</strong></span> <span class='ocrx_word' id='word_1_197' title='bbox 1152 3001 1377 3072; x_wconf 73' lang='lat' dir='ltr'><strong>patrem</strong></span> <span class='ocrx_word' id='word_1_198' title='bbox 1400 2992 1613 3052; x_wconf 84' lang='lat' dir='ltr'><strong>fuerat.</strong></span> <span class='ocrx_word' id='word_1_199' title='bbox 1693 2991 1884 3053; x_wconf 78' lang='lat' dir='ltr'><strong>Triste</strong></span> <span class='ocrx_word' id='word_1_200' title='bbox 1903 2994 2303 3078; x_wconf 75' lang='lat' dir='ltr'><strong>spectaculum</strong></span> 
     </span>
     <span class='ocr_line' id='line_1_28' title="bbox 414 3085 2304 3168; baseline 0.001 -21"><span class='ocrx_word' id='word_1_201' title='bbox 414 3085 720 3168; x_wconf 56' lang='lat' dir='ltr'><strong>id&#39;populo</strong></span> <span class='ocrx_word' id='word_1_202' title='bbox 742 3086 893 3146; x_wconf 83' lang='lat' dir='ltr'><strong>fuit:</strong></span> <span class='ocrx_word' id='word_1_203' title='bbox 936 3107 1129 3166; x_wconf 89' lang='lat' dir='ltr'><strong>neque</strong></span> <span class='ocrx_word' id='word_1_204' title='bbox 1156 3088 1321 3147; x_wconf 88' lang='lat' dir='ltr'><strong>illam</strong></span> <span class='ocrx_word' id='word_1_205' title='bbox 1348 3087 1524 3147; x_wconf 86' lang='lat' dir='ltr'><strong>modo</strong></span> <span class='ocrx_word' id='word_1_206' title='bbox 1556 3089 2002 3159; x_wconf 83' lang='lat' dir='ltr'><strong>miserabantur,</strong></span> <span class='ocrx_word' id='word_1_207' title='bbox 2037 3089 2140 3149; x_wconf 83' lang='lat' dir='ltr'><strong>sed</strong></span> <span class='ocrx_word' id='word_1_208' title='bbox 2168 3089 2304 3149; x_wconf 88' lang='lat' dir='ltr'><strong>An-</strong></span> 
     </span>
     <span class='ocr_line' id='line_1_29' title="bbox 413 3183 2307 3262; baseline -0.001 -17"><span class='ocrx_word' id='word_1_209' title='bbox 413 3186 639 3245; x_wconf 85' lang='lat' dir='ltr'><strong>tonium</strong></span> <span class='ocrx_word' id='word_1_210' title='bbox 692 3184 899 3262; x_wconf 79' lang='lat' dir='ltr'><strong>magis,</strong></span> <span class='ocrx_word' id='word_1_211' title='bbox 946 3185 1050 3262; x_wconf 90' lang='lat' dir='ltr'><strong>qui</strong></span> <span class='ocrx_word' id='word_1_212' title='bbox 1102 3183 1281 3242; x_wconf 87' lang='lat' dir='ltr'><strong>talem</strong></span> <span class='ocrx_word' id='word_1_213' title='bbox 1332 3203 1573 3243; x_wconf 86' lang='lat' dir='ltr'><strong>uxorem</strong></span> <span class='ocrx_word' id='word_1_214' title='bbox 1621 3203 1824 3244; x_wconf 87' lang='lat' dir='ltr'><strong>amens</strong></span> <span class='ocrx_word' id='word_1_215' title='bbox 1870 3185 2196 3246; x_wconf 88' lang='lat' dir='ltr'><strong>dimitteret</strong></span> <span class='ocrx_word' id='word_1_216' title='bbox 2245 3187 2307 3244; x_wconf 87' lang='lat' dir='ltr'><strong>in</strong></span> 
     </span>
     <span class='ocr_line' id='line_1_30' title="bbox 418 3271 2307 3360; baseline -0.002 -20"><span class='ocrx_word' id='word_1_217' title='bbox 418 3271 753 3360; x_wconf 71' lang='lat' dir='ltr'><strong>Cleopatrae</strong></span> <span class='ocrx_word' id='word_1_218' title='bbox 778 3281 1050 3358; x_wconf 78' lang='lat' dir='ltr'><strong>gratiam,</strong></span> <span class='ocrx_word' id='word_1_219' title='bbox 1078 3300 1211 3358; x_wconf 83' lang='lat' dir='ltr'><strong>quae</strong></span> <span class='ocrx_word' id='word_1_220' title='bbox 1238 3300 1311 3339; x_wconf 91' lang='lat' dir='ltr'><strong>ne</strong></span> <span class='ocrx_word' id='word_1_221' title='bbox 1352 3279 1544 3340; x_wconf 78' lang='lat' dir='ltr'><strong>forma</strong></span> <span class='ocrx_word' id='word_1_222' title='bbox 1578 3281 1840 3357; x_wconf 88' lang='lat' dir='ltr'><strong>quidem,</strong></span> <span class='ocrx_word' id='word_1_223' title='bbox 1869 3300 1989 3360; x_wconf 87' lang='lat' dir='ltr'><strong>qua</strong></span> <span class='ocrx_word' id='word_1_224' title='bbox 2015 3300 2133 3339; x_wconf 84' lang='lat' dir='ltr'><strong>una</strong></span> <span class='ocrx_word' id='word_1_225' title='bbox 2159 3281 2307 3339; x_wconf 89' lang='lat' dir='ltr'><strong>nite-</strong></span> 
     </span>
     <span class='ocr_line' id='line_1_31' title="bbox 410 3374 2306 3447; baseline 0 -12"><span class='ocrx_word' id='word_1_226' title='bbox 410 3383 591 3447; x_wconf 83' lang='lat' dir='ltr'><strong>retur,</strong></span> <span class='ocrx_word' id='word_1_227' title='bbox 612 3385 719 3435; x_wconf 84' lang='lat' dir='ltr'><strong>ant</strong></span> <span class='ocrx_word' id='word_1_228' title='bbox 743 3375 933 3434; x_wconf 76' lang='lat' dir='ltr'><strong>oetatis</strong></span> <span class='ocrx_word' id='word_1_229' title='bbox 948 3374 1091 3434; x_wconf 89' lang='lat' dir='ltr'><strong>flore</strong></span> <span class='ocrx_word' id='word_1_230' title='bbox 1120 3375 1438 3435; x_wconf 80' lang='lat' dir='ltr'><strong>Octaviam</strong></span> <span class='ocrx_word' id='word_1_231' title='bbox 1458 3375 1736 3436; x_wconf 82' lang='lat' dir='ltr'><strong>vinceret.</strong></span> <span class='ocrx_word' id='word_1_232' title='bbox 1774 3375 1877 3434; x_wconf 90' lang='lat' dir='ltr'><strong>·At</strong></span> <span class='ocrx_word' id='word_1_233' title='bbox 1901 3375 2078 3434; x_wconf 82' lang='lat' dir='ltr'><strong>luxus</strong></span> <span class='ocrx_word' id='word_1_234' title='bbox 2103 3384 2164 3435; x_wconf 88' lang='lat' dir='ltr'><strong>et</strong></span> <span class='ocrx_word' id='word_1_235' title='bbox 2189 3383 2306 3435; x_wconf 84' lang='lat' dir='ltr'><strong>tar-</strong></span> 
     </span>
     <span class='ocr_line' id='line_1_32' title="bbox 412 3469 2305 3552; baseline 0.001 -22"><span class='ocrx_word' id='word_1_236' title='bbox 412 3471 570 3531; x_wconf 84' lang='lat' dir='ltr'><strong>ditas</strong></span> <span class='ocrx_word' id='word_1_237' title='bbox 593 3469 845 3530; x_wconf 87' lang='lat' dir='ltr'><strong>Antonii</strong></span> <span class='ocrx_word' id='word_1_238' title='bbox 870 3477 1082 3548; x_wconf 78' lang='lat' dir='ltr'><strong>magno‘</strong></span> <span class='ocrx_word' id='word_1_239' title='bbox 1107 3478 1268 3530; x_wconf 86' lang='lat' dir='ltr'><strong>metu</strong></span> <span class='ocrx_word' id='word_1_240' title='bbox 1288 3469 1587 3530; x_wconf 79' lang='lat' dir='ltr'><strong>Caesarem</strong></span> <span class='ocrx_word' id='word_1_241' title='bbox 1613 3470 1910 3542; x_wconf 83' lang='lat' dir='ltr'><strong>liberavit,</strong></span> <span class='ocrx_word' id='word_1_242' title='bbox 1939 3492 2014 3532; x_wconf 90' lang='lat' dir='ltr'><strong>ne</strong></span> <span class='ocrx_word' id='word_1_243' title='bbox 2052 3473 2305 3552; x_wconf 87' lang='lat' dir='ltr'><strong>impara-</strong></span> 
     </span>
     <span class='ocr_line' id='line_1_33' title="bbox 410 3557 2310 3648; baseline 0.002 -22"><span class='ocrx_word' id='word_1_244' title='bbox 410 3557 527 3626; x_wconf 75' lang='lat' dir='ltr'><strong>tior</strong></span> <span class='ocrx_word' id='word_1_245' title='bbox 564 3566 745 3626; x_wconf 88' lang='lat' dir='ltr'><strong>ordiri</strong></span> <span class='ocrx_word' id='word_1_246' title='bbox 792 3565 1019 3624; x_wconf 90' lang='lat' dir='ltr'><strong>bellum</strong></span> <span class='ocrx_word' id='word_1_247' title='bbox 1063 3574 1385 3643; x_wconf 83' lang='lat' dir='ltr'><strong>cogeretur.</strong></span> <span class='ocrx_word' id='word_1_248' title='bbox 1470 3565 1650 3648; x_wconf 34' lang='lat' dir='ltr'><strong>Nam·</strong></span> <span class='ocrx_word' id='word_1_249' title='bbox 1691 3566 1946 3627; x_wconf 84' lang='lat' dir='ltr'><strong>Antonii</strong></span> <span class='ocrx_word' id='word_1_250' title='bbox 1994 3568 2310 3629; x_wconf 74' lang='lat' dir='ltr'><strong>oscitantia</strong></span> 
     </span>
     <span class='ocr_line' id='line_1_34' title="bbox 412 3660 2306 3744; baseline 0.002 -23"><span class='ocrx_word' id='word_1_251' title='bbox 412 3663 666 3743; x_wconf 72' lang='lat' dir='ltr'><strong>spatium</strong></span> <span class='ocrx_word' id='word_1_252' title='bbox 692 3661 747 3719; x_wconf 86' lang='lat' dir='ltr'><strong>ei</strong></span> <span class='ocrx_word' id='word_1_253' title='bbox 783 3660 973 3731; x_wconf 68' lang='lat' dir='ltr'><strong>dedit,</strong></span> <span class='ocrx_word' id='word_1_254' title='bbox 1008 3669 1071 3720; x_wconf 90' lang='lat' dir='ltr'><strong>et</strong></span> <span class='ocrx_word' id='word_1_255' title='bbox 1104 3661 1351 3739; x_wconf 81' lang='lat' dir='ltr'><strong>cogendi</strong></span> <span class='ocrx_word' id='word_1_256' title='bbox 1392 3663 1674 3741; x_wconf 84' lang='lat' dir='ltr'><strong>pecunias</strong></span> <span class='ocrx_word' id='word_1_257' title='bbox 1701 3663 1777 3721; x_wconf 86' lang='lat' dir='ltr'><strong>ab</strong></span> <span class='ocrx_word' id='word_1_258' title='bbox 1818 3663 2038 3734; x_wconf 80' lang='lat' dir='ltr'><strong>invitis,</strong></span> <span class='ocrx_word' id='word_1_259' title='bbox 2073 3673 2136 3724; x_wconf 91' lang='lat' dir='ltr'><strong>et</strong></span> <span class='ocrx_word' id='word_1_260' title='bbox 2175 3665 2306 3744; x_wconf 88' lang='lat' dir='ltr'><strong>pla-</strong></span> 
     </span>
     <span class='ocr_line' id='line_1_35' title="bbox 413 3757 2305 3837; baseline 0 -18"><span class='ocrx_word' id='word_1_261' title='bbox 413 3757 589 3820; x_wconf 84' lang='lat' dir='ltr'><strong>candi</strong></span> <span class='ocrx_word' id='word_1_262' title='bbox 614 3757 917 3837; x_wconf 64' lang='lat' dir='ltr'><strong>spoliatae,</strong></span> <span class='ocrx_word' id='word_1_263' title='bbox 944 3776 1188 3835; x_wconf 87' lang='lat' dir='ltr'><strong>quorum</strong></span> <span class='ocrx_word' id='word_1_264' title='bbox 1224 3757 1393 3818; x_wconf 89' lang='lat' dir='ltr'><strong>dolor</strong></span> <span class='ocrx_word' id='word_1_265' title='bbox 1414 3759 1565 3818; x_wconf 89' lang='lat' dir='ltr'><strong>inter</strong></span> <span class='ocrx_word' id='word_1_266' title='bbox 1589 3759 1945 3837; x_wconf 81' lang='lat' dir='ltr'><strong>exigendum</strong></span> <span class='ocrx_word' id='word_1_267' title='bbox 1969 3762 2305 3830; x_wconf 87' lang='lat' dir='ltr'><strong>acerrimus,</strong></span> 
     </span>
     <span class='ocr_line' id='line_1_36' title="bbox 417 3852 2225 3934; baseline 0 -19"><span class='ocrx_word' id='word_1_268' title='bbox 417 3856 517 3915; x_wconf 87' lang='lat' dir='ltr'><strong>ubi</strong></span> <span class='ocrx_word' id='word_1_269' title='bbox 541 3853 861 3924; x_wconf 75' lang='lat' dir='ltr'><strong>dedissent,</strong></span> <span class='ocrx_word' id='word_1_270' title='bbox 888 3852 1119 3912; x_wconf 86' lang='lat' dir='ltr'><strong>modico</strong></span> <span class='ocrx_word' id='word_1_271' title='bbox 1146 3853 1485 3933; x_wconf 75' lang='lat' dir='ltr'><strong>interposito</strong></span> <span class='ocrx_word' id='word_1_272' title='bbox 1511 3863 1794 3934; x_wconf 77' lang='lat' dir='ltr'><strong>tempore,</strong></span> <span class='ocrx_word' id='word_1_273' title='bbox 1823 3855 2225 3932; x_wconf 82' lang='lat' dir='ltr'><strong>mitigabatur.</strong></span> 
     </span>
    </p>

    <p class='ocr_par' dir='ltr' id='par_1_5' title="bbox 415 3948 2631 4222">
     <span class='ocr_line' id='line_1_37' title="bbox 493 3948 2597 4026; baseline 0 -16"><span class='ocrx_word' id='word_1_274' title='bbox 493 3957 555 4010; x_wconf 83' lang='grc'><strong>6.</strong></span> <span class='ocrx_word' id='word_1_275' title='bbox 600 3949 765 4009; x_wconf 86' lang='lat' dir='ltr'><strong>Dum</strong></span> <span class='ocrx_word' id='word_1_276' title='bbox 786 3949 915 4010; x_wconf 84' lang='lat' dir='ltr'><strong>haec</strong></span> <span class='ocrx_word' id='word_1_277' title='bbox 944 3957 1215 4026; x_wconf 80' lang='lat' dir='ltr'><strong>aguntur,</strong></span> <span class='ocrx_word' id='word_1_278' title='bbox 1242 3948 1407 4008; x_wconf 76' lang='lat' dir='ltr'><strong>velut</strong></span> <span class='ocrx_word' id='word_1_279' title='bbox 1431 3950 1491 4008; x_wconf 90' lang='lat' dir='ltr'><strong>in</strong></span> <span class='ocrx_word' id='word_1_280' title='bbox 1516 3949 1787 4010; x_wconf 81' lang='lat' dir='ltr'><strong>solatium</strong></span> <span class='ocrx_word' id='word_1_281' title='bbox 1817 3949 1986 4008; x_wconf 85' lang='lat' dir='ltr'><strong>Urbe</strong></span> <span class='ocrx_word' id='word_1_282' title='bbox 2011 3949 2303 4011; x_wconf 87' lang='lat' dir='ltr'><strong>exceden·</strong></span> <span class='ocrx_word' id='word_1_283' title='bbox 2331 3967 2448 4019; x_wconf 88' lang='lat' dir='ltr'><strong>Dio.</strong></span> <span class='ocrx_word' id='word_1_284' title='bbox 2465 3971 2597 4020; x_wconf 78' lang='lat' dir='ltr'><strong>Plut.</strong></span> 
     </span>
     <span class='ocr_line' id='line_1_38' title="bbox 416 4035 2631 4123; baseline 0 -16"><span class='ocrx_word' id='word_1_285' title='bbox 416 4050 587 4117; x_wconf 87' lang='lat' dir='ltr'><strong>tium,</strong></span> <span class='ocrx_word' id='word_1_286' title='bbox 613 4045 850 4105; x_wconf 84' lang='lat' dir='ltr'><strong>fortuna</strong></span> <span class='ocrx_word' id='word_1_287' title='bbox 876 4042 1101 4102; x_wconf 83' lang='lat' dir='ltr'><strong>Caesari</strong></span> <span class='ocrx_word' id='word_1_288' title='bbox 1128 4045 1414 4123; x_wconf 84' lang='lat' dir='ltr'><strong>quosdam</strong></span> <span class='ocrx_word' id='word_1_289' title='bbox 1442 4045 1694 4104; x_wconf 84' lang='lat' dir='ltr'><strong>illustres</strong></span> <span class='ocrx_word' id='word_1_290' title='bbox 1719 4065 1796 4105; x_wconf 89' lang='lat' dir='ltr'><strong>ex</strong></span> <span class='ocrx_word' id='word_1_291' title='bbox 1820 4045 2056 4106; x_wconf 85' lang='lat' dir='ltr'><strong>cohorte</strong></span> <span class='ocrx_word' id='word_1_292' title='bbox 2084 4047 2302 4107; x_wconf 87' lang='lat' dir='ltr'><strong>amico·</strong></span> <span class='ocrx_word' id='word_1_293' title='bbox 2327 4043 2381 4083; x_wconf 53' lang='grc' dir='ltr'><strong>θ’</strong></span> <span class='ocrx_word' id='word_1_294' title='bbox 2415 4035 2546 4092; x_wconf 64' lang='lat' dir='ltr'><strong>Vffl·</strong></span> <span class='ocrx_word' id='word_1_295' title='bbox 2567 4051 2631 4088; x_wconf 82' lang='lat'><strong>¹¹·</strong></span> 
     </span>
     <span class='ocr_line' id='line_1_39' title="bbox 415 4103 2410 4222; baseline 0.001 -20"><span class='ocrx_word' id='word_1_296' title='bbox 415 4163 543 4202; x_wconf 87' lang='lat' dir='ltr'><strong>rum</strong></span> <span class='ocrx_word' id='word_1_297' title='bbox 571 4141 823 4202; x_wconf 83' lang='lat' dir='ltr'><strong>Antonii</strong></span> <span class='ocrx_word' id='word_1_298' title='bbox 842 4140 1113 4199; x_wconf 86' lang='lat' dir='ltr'><strong>restituit.</strong></span> <span class='ocrx_word' id='word_1_299' title='bbox 1197 4139 1365 4201; x_wconf 88' lang='lat' dir='ltr'><strong>Inter</strong></span> <span class='ocrx_word' id='word_1_300' title='bbox 1388 4161 1537 4221; x_wconf 88' lang='lat' dir='ltr'><strong>quos</strong></span> <span class='ocrx_word' id='word_1_301' title='bbox 1562 4139 1634 4200; x_wconf 83' lang='lat' dir='ltr'><strong>L.</strong></span> <span class='ocrx_word' id='word_1_302' title='bbox 1664 4141 1954 4214; x_wconf 80' lang='lat' dir='ltr'><strong>Plancus,</strong></span> <span class='ocrx_word' id='word_1_303' title='bbox 1982 4143 2084 4222; x_wconf 91' lang='lat' dir='ltr'><strong>qui</strong></span> <span class='ocrx_word' id='word_1_304' title='bbox 2115 4142 2305 4203; x_wconf 79' lang='lat' dir='ltr'><strong>suerat</strong></span> <span class='ocrx_word' id='word_1_305' title='bbox 2329 4103 2410 4150; x_wconf 74' lang='lat'><strong>8⁸.</strong></span> 
     </span>
    </p>
   </div>
   <div class='ocr_carea' id='block_1_3' title="bbox 418 4236 2590 4416">
    <p class='ocr_par' dir='ltr' id='par_1_6' title="bbox 418 4236 2590 4416">
     <span class='ocr_line' id='line_1_40' title="bbox 418 4236 2327 4320; baseline -0.002 -22"><span class='ocrx_word' id='word_1_306' title='bbox 418 4239 477 4298; x_wconf 87' lang='lat' dir='ltr'><strong>in</strong></span> <span class='ocrx_word' id='word_1_307' title='bbox 496 4237 839 4316; x_wconf 80' lang='lat' dir='ltr'><strong>turpissimis</strong></span> <span class='ocrx_word' id='word_1_308' title='bbox 866 4236 1272 4297; x_wconf 81' lang='lat' dir='ltr'><strong>adulatoribus</strong></span> <span class='ocrx_word' id='word_1_309' title='bbox 1300 4236 1660 4318; x_wconf 73' lang='lat' dir='ltr'><strong>Cleopatrae,</strong></span> <span class='ocrx_word' id='word_1_310' title='bbox 1689 4245 1930 4320; x_wconf 81' lang='lat' dir='ltr'><strong>propter</strong></span> <span class='ocrx_word' id='word_1_311' title='bbox 1953 4259 2158 4301; x_wconf 76' lang='lat' dir='ltr'><strong>vocem</strong></span> <span class='ocrx_word' id='word_1_312' title='bbox 2194 4241 2327 4300; x_wconf 78' lang='lat' dir='ltr'><strong>An-</strong></span> 
     </span>
     <span class='ocr_line' id='line_1_41' title="bbox 543 4351 2590 4416; baseline 0.003 -14"><span class='ocrx_word' id='word_1_313' title='bbox 543 4351 717 4416; x_wconf 56' lang='lat' dir='ltr'><strong>Daph.</strong></span> <span class='ocrx_word' id='word_1_314' title='bbox 738 4357 785 4401; x_wconf 76' lang='lat' dir='ltr'><strong>et</strong></span> <span class='ocrx_word' id='word_1_315' title='bbox 811 4352 924 4402; x_wconf 74' lang='lat' dir='ltr'><strong>Var-</strong></span> <span class='ocrx_word' id='word_1_316' title='bbox 948 4353 1078 4402; x_wconf 71' lang='lat' dir='ltr'><strong>Clas.</strong></span> <span class='ocrx_word' id='word_1_317' title='bbox 1400 4353 1587 4403; x_wconf 68' lang='lat' dir='ltr'><strong>Liuius.</strong></span> <span class='ocrx_word' id='word_1_318' title='bbox 2356 4361 2418 4408; x_wconf 77' lang='lat'><strong>1⁶</strong></span> <span class='ocrx_word' id='word_1_319' title='bbox 2456 4358 2500 4407; x_wconf 76' lang='lat' dir='ltr'>R</span> <span class='ocrx_word' id='word_1_320' title='bbox 2573 4379 2590 4394; x_wconf 90' lang='lat'><strong>·</strong></span> 
     </span>
    </p>
   </div>
   <div class='ocr_carea' id='block_1_4' title="bbox 2329 2651 2534 2702">
    <p class='ocr_par' dir='ltr' id='par_1_7' title="bbox 2329 2651 2534 2702">
     <span class='ocr_line' id='line_1_42' title="bbox 2329 2651 2534 2702; baseline 0.01 -2"><span class='ocrx_word' id='word_1_321' title='bbox 2329 2658 2382 2700; x_wconf 81' lang='lat' dir='ltr'><strong>et</strong></span> <span class='ocrx_word' id='word_1_322' title='bbox 2401 2651 2534 2702; x_wconf 80' lang='lat' dir='ltr'><strong>Plut.</strong></span> 
     </span>
    </p>
   </div>
  </div>
 </body>
</html>
