3159 4959
840 399 1073 451 uum
1121 399 1407 450 cxxxi.
1446 401 1790 450 sunnam
1807 399 2097 454 aaron.
2419 387 2588 454 5701

374 549 569 624 parta,
589 545 639 604 si
658 543 981 624 AEgyptum
998 547 1196 604 secum
1223 541 1543 614 Antonius,
1570 545 1622 604 si
1650 541 2008 606 Armeniam
2018 542 2268 605 dividat.

376 639 547 700 Nam
580 639 741 719 quod
776 640 1061 700 militibus
1092 641 1213 700 suis
1242 640 1507 701 colonias
1542 640 1598 700 in
1637 640 1825 700 Italia
1847 649 2126 720 queratur
2149 659 2268 698 non

374 735 529 807 dari,
552 737 769 798 babere
805 757 909 797 eos
945 737 1217 798 Mediam
1252 745 1317 797 et
1348 737 1636 808 Parthos,
1671 737 1814 797 satis
1851 737 2082 819 amplas
2115 736 2266 814 regi·

374 851 537 902 ones,
582 853 690 894 sua
734 835 1005 894 nimirum
1048 844 1111 894 et
1154 835 1525 913 imperatoria
1564 836 1656 893 sui
1693 835 1912 894 virtute
1951 835 2268 913 quaesit-s?

377 929 447 990 N
450 950 519 990 ec
555 931 831 1012 Pompeii
865 931 1159 991 mentione
1186 931 1543 1000 abstinebat,
1572 939 1590 965 ‘
1615 950 1788 1009 quem
1817 951 1856 990 a
1878 951 1941 990 se
1965 931 2266 991 dimissum

376 1026 673 1090 Antonius
713 1025 1027 1086 crudeliter
1066 1025 1395 1086 occidisset.
1479 1025 1590 1084 Ab
1623 1026 1830 1086 eodem
1870 1025 2266 1086 Artavasden

375 1120 579 1184 fraude
603 1132 849 1203 captum
882 1124 945 1182 in
978 1121 1231 1182 vinculis
1266 1122 1523 1191 attineri,
1568 1141 1797 1181 summa
1831 1141 1965 1181 cum
2001 1121 2270 1182 Romani

374 1219 625 1276 nominis
656 1217 941 1278 infamia.'
1023 1217 1342 1295 Proecipue
1380 1217 1705 1297 Cleopatra
1727 1217 2166 1295 exagitabatur,
2193 1216 2267 1275 li·

372 1313 644 1392 berisque
680 1314 811 1391 ejus
844 1311 1097 1372 donatus
1127 1313 1342 1383 oriens,
1367 1322 1429 1371 et
1454 1313 1700 1373 insertus
1723 1315 1782 1374 in
1807 1313 1846 1372 J
1852 1314 2100 1373 uliorum
2127 1333 2266 1392 gen-

373 1416 497 1466 tem
529 1406 811 1466 Caesario.

454 1509 557 1562 62.
603 1502 727 1562 His
758 1503 1069 1583 aliquoties
1104 1505 1161 1564 ei
1198 1523 1299 1584 per
1332 1512 1531 1584 partes
1562 1505 1816 1583 objectis
1849 1505 2097 1565 invicem
2134 1525 2271 1584 pur-

374 1598 665 1678 gatisque,
694 1599 883 1676 magis
914 1599 1217 1678 magisque
1254 1599 1760 1660 accendebantur:
1803 1619 1994 1678 neque
2020 1603 2152 1678 jam
2185 1599 2274 1659 le-

377 1695 499 1770 gati
520 1694 853 1754 concordiae
878 1713 1079 1766 causa,
1106 1695 1211 1754 sed
1240 1705 1307 1754 ut
1332 1694 1480 1754 alter
1504 1695 1746 1754 alterius
1767 1695 2106 1776 exploraret
2130 1715 2272 1755 con-

376 1787 529 1860 silia,
556 1790 971 1850 mittebantur:
1014 1790 1204 1850 donec
1230 1791 1533 1850 Antonius
1558 1809 1676 1851 non
1701 1791 1858 1851 ultra
1883 1790 2272 1851 differendum
2299 1808 2412 1868 Dio,
2427 1825 2574 1862 xux.

377 1895 610 1965 putans,
630 1888 971 1947 societatem
992 1907 1129 1948 cum
1154 1907 1291 1965 rege
1318 1887 1634 1946 Medorum
1660 1891 1720 1946 in
1741 1887 1848 1946 has
1865 1886 2026 1966 leges
2040 1889 2274 1966 junxit,

378 1991 394 2015 ⁴
424 1989 489 2041 ut
522 1982 600 2042 ab
635 2003 707 2042 eo
732 1991 939 2042 contra
966 1981 1263 2042 Caesarem
1290 1984 1583 2061 acciperet
1609 1982 1858 2052 auxilia,
1883 1992 2090 2042 contra
2115 1983 2274 2042 Par·

379 2077 543 2136 thum
581 2080 637 2137 ei
672 2078 881 2138 daret.'
966 2077 1068 2140 Sic
1105 2078 1377 2138 abductis
1402 2097 1603 2138 secum
1635 2076 1837 2137 Medis
1859 2079 2158 2158 equitibus
2183 2088 2273 2140 at·

377 2194 493 2253 que
534 2176 875 2253 sagittariis,
912 2184 1135 2255 partem
1176 2174 1483 2254 legionarii
1523 2173 1728 2234 militis
1765 2175 1922 2255 apud
1963 2195 2096 2234 eum
2136 2175 2273 2235 reli·

378 2271 530 2347 quit,
554 2279 719 2352 parte
745 2271 923 2329 etiam
943 2271 1252 2330 Armeniae
1276 2289 1479 2330 recens
1504 2279 1736 2349 pacatae
1761 2270 1952 2330 eidem
1979 2289 2272 2330 concessa.

380 2361 599 2424 ‘Filiam
633 2385 866 2446 quoque
900 2367 1051 2444 regis
1084 2365 1365 2446 Jotapen‚
1403 2363 1724 2424 admodum
1759 2365 2042 2444 puellam,
2075 2365 2275 2426 Alex·
2298 2383 2426 2432 Plut.
2449 2381 2568 2440 mo,

378 2460 567 2519 andro
590 2461 965 2541 desponsam,
988 2481 1107 2522 una
1131 2483 1265 2522 cum
1290 2461 1640 2521 militaribus
1665 2463 1846 2540 signis
1865 2481 1996 2541 quae
2020 2461 2278 2521 Statiani

376 2575 577 2635 pugna
602 2557 815 2615 amissa
832 2557 1098 2630 fuerant,
1106 2557 1463 2638 deportavit.
1530 2556 1872 2628 Polemoni,
1893 2557 1996 2636 qui
2015 2558 2280 2636 paratius

378 2652 542 2731 pacis
566 2655 697 2732 ejus
721 2651 935 2724 fuerat,
961 2654 1185 2734 praemii
1210 2654 1348 2714 loco
1372 2653 1561 2712 minor
1583 2652 1877 2713 Armenia
1897 2673 2196 2716 concessa.

457 2753 559 2807 63.
604 2747 765 2808 Haec
816 2749 1081 2809 amicitia
1113 2750 1364 2809 exitiosa
1407 2747 1597 2808 Medo
1635 2747 1767 2809 suit.
1855 2747 2100 2828 Quippe
2143 2757 2276 2828 post

378 2840 525 2903 felix
556 2853 765 2903 contra
790 2844 1057 2905 Parthos
1080 2855 1143 2904 et
1178 2843 1455 2904 Artaxen
1486 2843 1776 2924 praelium,
1801 2863 1936 2902 cum
1965 2842 2276 2903 Romanos

379 2939 596 3000 milites
624 2949 901 3000 avocaret
929 2939 1250 3011 Antonius,
1272 2941 1463 3018 regios
1492 2960 1611 2999 non
1632 2939 1972 3008 remitteret,
1993 2941 2113 2998 vim
2139 2938 2272 2998 hos-

350 3037 528 3111 ‚tium
574 3037 723 3098 serre
778 3055 891 3095 non
940 3037 1173 3116 potuit:
1230 3036 1511 3115 fususque
1545 3043 1609 3094 et
1647 3044 1856 3112 captus
1903 3033 2274 3094 occasionem

382 3131 629 3192 Parthis
655 3131 1003 3192 Armeniam
1046 3131 1221 3190 simul
1250 3131 1636 3209 Mediamque
1660 3129 1978 3208 recipiendi
2003 3129 2274 3209 praebuit.

383 3228 479 3288 At
502 3226 767 3288 Romani
806 3228 1068 3288 maxima
1098 3225 1300 3307 praeda
1327 3227 1487 3286 aucti
1521 3225 1932 3294 discesserunt,
1963 3223 2275 3282 Armenio-

382 3343 507 3384 rum
536 3323 975 3403 opulentissimo
1000 3343 1179 3400 regno
1216 3321 1492 3402 spoliato,
1518 3319 1880 3399 direptisque
1904 3319 2084 3379 etlam
2109 3318 2278 3378 fano·

380 3439 511 3478 rum
537 3419 768 3499 opibus.
855 3415 1163 3477 Anaitidis
1196 3416 1509 3477 delubrum
1536 3423 1686 3486 erat,
1715 3416 1924 3474 ceteris
1949 3414 2280 3492 religiosius
2334 3419 2523 3476 Strabo,

382 3513 630 3585 cultum,
656 3533 847 3592 eoque
884 3513 1145 3573 donariis
1178 3511 1361 3573 dives.
1432 3511 1510 3572 ld
1535 3510 1782 3591 diripuit
1813 3509 2059 3569 Antonii
2086 3509 2278 3578 miles,
2305 3499 2474 3599 *ᾖξ’*
2487 3491 2602 3536 ⁵59.

384 3619 447 3669 et
484 3611 637 3670 inter
671 3617 872 3670 cetera
916 3617 1175 3668 statuam
1216 3627 1361 3668 auro
1392 3606 1669 3678 solidam,
1705 3607 1886 3666 etiam
1925 3606 2278 3685 antiquitate
2307 3625 2506 3663 xxxin.
2529 3617 2584 3670 ⁴.

383 3705 734 3775 venerabili,
764 3703 1045 3764 concidit.
1126 3701 1269 3762 Nec
1300 3703 1594 3762 omiserim
1633 3701 1846 3762 referre
1881 3701 2124 3760 stultam
2155 3701 2280 3779 pie-

382 3810 571 3862 tatem
611 3799 933 3859 mendaciis
974 3799 1124 3858 tueri
1166 3799 1532 3878 cupientium
1558 3817 1598 3855 a
1631 3796 1962 3855 numinibus
1987 3793 2280 3875 proditam

382 3916 676 3960 sacrorum
714 3914 947 3955 suorum
987 3893 1501 3954 existimationem.
1587 3891 1742 3950 Eum
1775 3893 1880 3970 qui
1908 3891 2127 3968 primus
2153 3889 2279 3948 vio·

384 3995 563 4054 lasset
588 3991 653 4051 id
676 3991 1077 4060 simulacrum,
1103 3988 1292 4048 oculis
1306 3987 1696 4065 membrisque
1719 3994 1960 4064 captum
1986 3985 2280 4063 expirasse

386 4088 717 4168 vulgarunt.
802 4085 927 4146 Sed
952 4094 1261 4146 veteranus
1286 4083 1554 4163 quidam,
1580 4101 1717 4142 cum
1741 4080 1945 4160 paucis
1965 4089 2096 4160 post
2115 4080 2280 4140 annis
