3159 4959
669 924 2513 1051 SUPPLEMENTUM

1237 1210 1514 1277 LIBRI
1603 1210 1932 1277 CXXII.

1145 1450 2036 1529 HISTORIARUM

847 1678 966 1765 T.
1071 1682 1456 1805 [ΝΠ
1561 1682 2335 1773 PATAVINJ.

825 2204 882 2262 1·
912 2180 1230 2273 Clvlmzs
1261 2208 1568 2275 discordiae
1605 2213 1781 2275 bellis
1813 2215 2069 2275 externis
2098 2235 2171 2275 eo
2206 2233 2441 2294 quoque
2482 2212 2717 2273 nomine

825 2304 1250 2382 pestilentiores
1273 2331 1398 2370 esse
1423 2310 1965 2393 deprehenduntur,
1995 2309 2157 2391 quod
2181 2310 2280 2370 hic
2304 2311 2501 2371 hostes
2522 2319 2585 2371 et
2608 2309 2721 2369 ali-

824 2402 1102 2478 enigenas
1121 2399 1349 2476 timeas,
1377 2416 1608 2465 tuorum
1630 2408 1747 2469 fide
1770 2430 1841 2469 ac
1857 2408 2267 2469 benevolentia
2285 2416 2345 2467 te
2364 2407 2679 2475 consoleris
2698 2428 2718 2477 ;

828 2497 911 2555 ibi
937 2496 1086 2556 nihil
1113 2519 1186 2558 ne
1213 2499 1450 2579 quidem
1478 2502 1556 2560 ab
1582 2503 1827 2575 intimis,
1868 2502 2081 2563 nedum
2108 2504 2469 2584 quibuslibet
2492 2504 2719 2577 amicis,

561 2621 592 2651 v
720 2597 732 2611 ⁴
759 2628 774 2645 ·
829 2602 1018 2653 tutum
1046 2606 1154 2655 est.
1239 2596 1310 2655 L.
1339 2594 1576 2657 Gellius
1601 2598 1928 2680 Poplicola
1952 2599 2025 2658 L.
2059 2599 2131 2659 F.
2170 2598 2265 2659 M.
2296 2598 2575 2659 Messalae
2598 2598 2721 2658 fra-

506 3284 639 3335 Plut.
669 3280 806 3331 Brut.

513 3774 628 3825 Dio.

546 4152 653 4201 cic.
684 4146 813 4197 Phil.

517 4234 577 4267 11.
601 4220 684 4266 2⁷.

828 2697 938 2761 ter,
974 2690 1078 2770 qui
1103 2694 1350 2774 antiqua
1384 2691 1787 2755 familiaritate
1820 2695 2015 2755 Bruto
2038 2704 2169 2755 erat
2189 2694 2723 2773 conjunctissimus,

829 2795 893 2845 et
941 2786 1148 2846 eodem
1186 2788 1343 2868 apud
1387 2788 1657 2851 Cassium
1704 2790 1839 2851 loco
1883 2790 2125 2852 frauem
2170 2810 2295 2851 esee
2336 2791 2583 2861 sciebat,
2626 2790 2721 2851 M.

831 2884 1022 2945 Bruto
1049 2884 1378 2959 insidiatus,
1403 2896 1486 2958 et,
1517 2910 1623 2968 pro
1646 2896 1845 2949 cetera
1879 2889 1992 2948 viri
2030 2887 2365 2959 clementia,
2400 2889 2481 2947 ob
2514 2886 2725 2947 eadem

828 2978 936 3040 illa
973 3001 1108 3060 quae
1131 3002 1478 3063 exasperare
1505 3003 1737 3064 poenam
1762 2984 2113 3054 debuerant,
2137 2983 2412 3044 dimissus
2434 2991 2544 3043 eet.
2628 2982 2727 3041 Ea

829 3096 1066 3156 qnoque
1109 3076 1320 3139 lenitas
1361 3078 1646 3159 profuisse
1690 3080 1819 3142 viro
1858 3079 2136 3150 creditur,
2172 3087 2239 3138 ut
2272 3078 2469 3161 plures
2492 3078 2571 3139 ad
2596 3080 2729 3158 ejus

831 3174 1154 3235 amicitiam
1178 3196 1240 3235 se
1269 3177 1655 3257 applicarent.

909 3276 968 3330 2.
1015 3270 1252 3332 Idcirco
1303 3282 1366 3334 et
1405 3274 1655 3335 classem
1698 3272 1858 3333 haud
1904 3271 2299 3353 poenitendam
2340 3270 2619 3351 colligere
2666 3272 2725 3331 in

833 3366 1124 3447 Bithynia
1167 3378 1231 3428 et
1275 3370 1432 3449 apud
1479 3370 1771 3451 Cyzicum
1814 3371 2047 3451 potuit;
2090 3379 2175 3441 et,
2217 3368 2471 3449 pedestri
2515 3368 2726 3429 itinere

833 3463 1169 3545 provincias
1195 3465 1421 3538 obienS,
1456 3466 1759 3526 constituit
1792 3486 1886 3526 res
1925 3468 2258 3537 civitatum,
2292 3464 2609 3545 litibusque
2636 3485 2725 3525 re·

835 3560 1102 3639 gulorum
1126 3582 1366 3643 operam
1389 3561 1575 3634 dedit,
1610 3584 1685 3623 ea
1712 3572 1839 3623 tum
1864 3562 2265 3624 moderatione
2293 3583 2364 3623 ac
2390 3572 2726 3621 mansuetu-

834 3658 997 3728 dine,
1043 3668 1168 3717 tum
1209 3660 1390 3718 etiam
1435 3660 1738 3739 aequitate,
1782 3669 1851 3720 ut
1895 3668 1959 3720 et
1992 3662 2144 3720 inter
2176 3680 2239 3720 se
2262 3678 2484 3728 omnes,
2516 3666 2579 3717 et
2612 3658 2729 3717 sibi

835 3754 1058 3814 amicos
1107 3752 1376 3835 fidosque
1427 3754 1701 3816 efficeret.
1784 3754 1939 3816 Tum
1994 3764 2059 3816 et
2110 3755 2435 3837 Dejotarus
2478 3755 2731 3815 accessit

836 3850 1122 3930 partibus,
1150 3851 1290 3913 licet
1328 3851 1505 3933 longa
1541 3861 1841 3914 senectute
1874 3855 2177 3926 morosior,
2210 3853 2313 3933 qui
2336 3873 2521 3933 nuper
2544 3852 2726 3912 etiam

838 3946 1112 4008 Cassium
1139 3949 1367 4010 auxilia
1391 3958 1689 4031 petentem
1723 3959 2045 4031 spreverat.
2128 3948 2340 4031 Atque
2366 3958 2493 4009 erat
2518 3950 2577 4009 in
2615 3949 2729 4008 hoc

833 4042 1292 4125 haudquaquam
1319 4046 1448 4107 leve
1478 4046 1837 4128 praesidinm,
1864 4048 2075 4129 opibus
2098 4057 2161 4108 et
2190 4048 2545 4107 auctoritate
2582 4064 2727 4127 pra-.-

835 4138 1056 4199 valido.
1141 4140 1309 4201 Nam
1350 4152 1411 4203 et
1441 4142 1679 4203 ademta
1710 4163 1895 4225 nuper
1934 4166 1971 4203 a
2010 4142 2085 4203 G.
2121 4143 2383 4212 emate,
2408 4140 2573 4201 caede
2600 4144 2732 4221 ejus

835 4238 1095 4317 cognita,
1137 4258 1244 4297 suo
1283 4238 1481 4299 Marte
1511 4250 1997 4321 recuperaverat:
2040 4247 2103 4299 et
2144 4236 2556 4309 Dolabellam,
2584 4236 2731 4299 finoe
