3159 4959
469 371 643 442 5684
1440 384 1509 436 τ.
1558 387 1752 438 mvn

794 531 1015 590 dictam
1056 535 1458 609 anteponeret.
1544 525 1742 604 Igitur
1783 527 1992 584 iterum
2029 525 2291 586 dedebat
2335 543 2398 583 se
2445 515 2684 594 Furnio,

794 635 919 694 aut,
948 627 1060 686 boc
1086 625 1403 693 abnuente,
1430 622 1644 682 saltem
1670 623 1976 701 Amyntoe.
2067 621 2346 680 Ceterum
2371 631 2690 702 reponente

798 721 1040 790 Furnio,
1084 719 1276 781 ‘nihil
1324 725 1465 778 aut⁸
1510 737 1575 777 se
1615 717 1932 787 sucturum,
1979 727 2084 777 aut
2129 717 2482 796 Amyntam,
2529 718 2690 796 quod

794 825 945 876 esset
966 819 1347 894 conjunctum
1374 833 1510 873 cum
1538 812 1704 872 illius
1730 813 1943 890 injurie
1975 814 2074 872 cui
2111 811 2517 871 mandatorum
2553 819 2699 871 suo-5

794 931 921 969 rum
962 910 1371 970 executionem
1398 907 1704 967 Antonius
1739 908 2168 976 commisisset‚’
2206 906 2565 986 colloquium
2595 926 2695 966 so-

796 1004 985 1064 lutum
1012 1014 1119 1064 est.
1202 1003 1489 1083 Sequenti
1516 1011 1690 1062 nocte
1713 1021 1846 1061 cum
1873 1003 2109 1060 minime
2131 1001 2517 1071 dubitaretur,
2543 1003 2686 1080 quin

796 1111 1075 1160 venturus
1090 1099 1357 1179 qualibet
1378 1097 1716 1158 conditione
1740 1099 1800 1157 in
1827 1097 2006 1158 fidem
2035 1097 2256 1158 Sextus
2279 1103 2452 1166 esset,
2472 1097 2692 1156 relictis

796 1196 897 1255 ille
934 1215 1039 1275 per
1070 1203 1267 1254 castra
1302 1193 1556 1272 ignibus,
1582 1204 1646 1254 et
1677 1193 2037 1254 tubicinibus
2073 1193 2162 1252 ad'
2175 1190 2588 1271 significandas
2609 1210 2688 1251 ex

793 1311 951 1350 more
984 1291 1242 1370 vig-ilias,
1268 1309 1405 1349 cum
1430 1289 1725 1369 expeditis
1749 1288 2046 1370 profectus
2077 1297 2201 1358 est3
2245 1307 2320 1348 ne
2355 1288 2532 1347 sociis
2555 1289 2686 1365 qui-

792 1379 945 1444 dem'
972 1385 1199 1444 itineris
1242 1383 1513 1444 indicans·
1550 1402 1673 1463 quo
1711 1383 2078 1444 ducerentur.
2161 1383 2458 1443 Habebat
2495 1389 2688 1441 autem

792 1481 854 1540 in
900 1481 1116 1551 animo,
1144 1480 1336 1540 redire
1376 1480 1455 1540 ad
1496 1499 1680 1551 mure,
1707 1490 1772 1540 et
1809 1480 2224 1540 incustoditam
2261 1478 2405 1538 Titii
2439 1478 2686 1538 classem

794 1577 1123 1636 incendere.
1208 1574 1331 1635 Sed
1387 1574 1725 1654 profugiens
1773 1576 1850 1634 ab
1899 1593 1972 1634 eo
2026 1573 2302 1645 Scaurus,
2353 1591 2688 1653 quanquam

791 1670 1019 1731 consilii
1066 1672 1327 1749 ignarus,
1374 1671 1487 1730 iter
1536 1669 1830 1750 prodidit:
1875 1671 2288 1750 insecutusque
2334 1687 2470 1729 cum
2523 1668 2686 1728 mille

792 1767 1127 1846 quingentis
1154 1765 1453 1845 equitibus
1468 1765 1790 1845 Amyntas,
1811 1767 2078 1846 equitatu
2103 1773 2398 1827 carentem
2422 1765 2688 1825 celeriter

791 1858 1201 1942 deprehendit.

872 1963 970 2015 18.
1016 1956 1223 2035 Hujus
1242 1956 1321 2017 ad
1338 1965 1720 2036 conspectum
1743 1957 1899 2017 clam
1921 1957 2232 2038 palamque
2245 1955 2478 2016 deserto
2499 1955 2685 2016 Pom-

794 2051 929 2130 peio
956 2053 1305 2112 transierunt
1343 2056 1473 2132 ejus
1508 2051 1761 2113 milites:
1805 2052 2088 2132 illumque
2119 2056 2250 2132 jam
2273 2071 2474 2112 omnes
2500 2063 2688 2113 metu·-

793 2159 987 2209 entem
1006 2149 1223 2210 dedere
1246 2169 1309 2208 se
1335 2149 1395 2208 in
1422 2169 1662 2210 manum
1683 2149 1970 2229 Amyntae
1995 2149 2118 2208 sine
2141 2147 2476 2208 conditione
2493 2151 2688 2228 coegit

793 2245 1159 2315 necessitas,²
1182 2246 1287 2324 qui
1310 2243 1682 2304 conditiones
1703 2243 1850 2304 Titii
1875 2252 2192 2324 respuerat.
2271 2241 2485 2313 Titius,
2508 2243 2686 2304 adac-

792 2340 872 2399 tis
895 2340 974 2399 ad
998 2348 1427 2400 sacramentum
1454 2338 1716 2402 Antonii
1752 2340 2164 2420 Pompeianis,
2192 2339 2382 2419 ipsum
2409 2339 2466 2398 in
2492 2349 2686 2400 custo-

794 2437 901 2498 dia
940 2437 1172 2505 habuit,
1214 2435 1403 2496 donec
1448 2437 1817 2515 imperatoris
1857 2433 2138 2494 mandata
2171 2435 2484 2494 venissent.
2567 2431 2690 2495 Sed

474 2530 587 2580 Dio.
796 2530 1115 2598 Antonius,
1152 2530 1245 2588 bis
1276 2530 1453 2588 rebus
1490 2529 1726 2600 auditis,
1757 2531 1946 2609 primo
1971 2530 2074 2588 irae
2109 2530 2354 2609 impetu,
2379 2530 2692 2609 scripserat

794 2635 861 2685 ut
898 2622 1354 2684 interficeretur:
1396 2641 1537 2682 mox
1589 2623 1802 2684 ductus
1845 2624 2208 2704 poenitentia,
2247 2625 2466 2682 servari
2504 2625 2690 2702 jussit

794 2719 1165 2779 incolumem.
1247 2718 1345 2777 At
1380 2717 1533 2778 forte
1574 2719 1810 2780 fortune
1855 2720 2152 2779 interitum
2195 2719 2449 2779 ferentes
2500 2719 2684 2780 literae

796 2815 1081 2894 posterius
1104 2813 1483 2874 advenerunt.
1538 2813 1775 2880 Idcirco
1797 2812 2012 2885 Titius,
2039 2815 2160 2874 sive
2185 2815 2540 2874 recentiores
2576 2815 2686 2874 has

502 2919 633 2970 ven.
674 2935 738 2969 11.
792 2927 917 2968 esse
966 2909 1233 2978 credens,
1284 2909 1407 2968 sive
1458 2917 1696 2989 propter
1737 2917 1994 2969 veterem
2045 2908 2332 2969 offensam
2379 2909 2684 2982 simulans,

466 2988 725 3110 {¹:322}
782 3004 1089 3082 jugulavit
1138 3017 1273 3064 eum
1322 3002 1545 3073 Mileti,
1593 3002 1783 3064 aetatis
1831 3006 1962 3083 ejus
2011 3023 2166 3063 anno
2217 3005 2683 3084 quadragesimo.

471 3111 601 3160 mor.
795 3097 1059 3165 Quidam
1106 3116 1222 3156 nou
1268 3100 1346 3158 ab
1388 3098 1682 3168 Antonio,
1727 3097 1829 3158 sed
1871 3117 1910 3158 a
1954 3097 2192 3158 Planco
2237 3100 2440 3159 missas
2485 3100 2686 3162 literas

472 3174 670 3286 ⁰8:32⁶&
791 3194 1185 3263 crediderunt,
1212 3193 1315 3272 qui
1356 3193 1435 3252 sit
1471 3190 1677 3252 solitus
1717 3194 1776 3252 in
1817 3191 2102 3271 gravioris
2135 3195 2420 3254 momenti
2443 3195 2690 3274 negotiis

474 3317 559 3376 ¹¹3·
585 3316 634 3366 p.
656 3273 769 3376 1⁹31.
794 3290 883 3348 uti
909 3288 1159 3349 Antonii
1186 3289 1431 3358 annulo,
1458 3307 1786 3368 nomenque
1809 3293 1941 3368 ejus
1963 3289 2344 3349 subscribere.
2427 3289 2686 3350 Ceusnm

472 3365 738 3492 ffgpffl‘·
793 3392 990 3441 autem
1018 3383 1329 3442 occidendi
1364 3381 1557 3454 Sexti,
1597 3384 1724 3442 sive
1748 3383 2037 3454 Antonio,
2067 3385 2191 3445 sive
2219 3384 2478 3456 Planco,
2507 3385 2689 3445 fuisse

792 3476 1253 3555 magnitudinem
1281 3478 1640 3558 Pompeiani
1666 3479 1932 3550 nominis,
1959 3489 2026 3539 et
2057 3489 2299 3552 metum,
2325 3501 2400 3540 ne
2429 3490 2686 3561 peternae

502 3591 669 3652 Supra,
700 3589 733 3638 1.
789 3572 1179 3650 fraternaeque
1220 3573 1497 3632 amicitiae
1541 3572 1865 3654 Cleopatra
1907 3593 2150 3646 memor,
2175 3576 2332 3635 bunc
2367 3575 2688 3654 aliquando

468 3655 765 3781 {agi-¹⁰·
791 3667 1060 3747 praeferre
1090 3665 1359 3726 Antonio
1386 3668 1670 3748 inciperet
1685 3688 1702 3738 ς
1749 3687 1896 3728 neve
1923 3669 2126 3729 Caesar
2152 3671 2374 3730 bostem
2397 3691 2564 3730 suum
2592 3689 2684 3730 re·

788 3764 908 3843 cipi
934 3770 1297 3823 causaretur.

870 3863 966 3918 19.
1012 3857 1137 3918 His
1172 3859 1345 3918 rebus
1380 3857 1437 3916 in
1469 3856 1698 3916 Urbem
1733 3857 2038 3928 nuntiatis,
2077 3857 2284 3919 Coesar
2317 3861 2396 3920 ob
2433 3863 2690 3920 mortem*

1202 4091 1227 4135 1
1269 4087 1394 4136 Anu
1414 4101 1506 4150 pro
1525 4092 1610 4136 ut
1631 4085 1906 4151 legebatur
1929 4095 2051 4138 ante
2085 4089 2241 4139 Crer.

1194 4155 1228 4202 2
1263 4151 1458 4204 Deerat
1474 4154 1730 4202 necessitas
1751 4153 1804 4202 in
1826 4151 1949 4206 edd.
1972 4161 2096 4203 ante
2119 4153 2276 4203 Crer.
