3159 4959
599 406 774 487 5⁵30

601 576 734 653 Plut.
763 576 868 639 Ap·

606 654 740 702 pian-

1559 422 1643 481 r„
1679 421 1869 469 mvn

1005 570 1104 631 83.
1147 564 1450 623 Antonius
1487 564 1733 633 interea,
1780 561 2122 621 festinanter
2168 558 2348 620 ducto
2396 559 2687 629 exercitu,
2739 578 2813 619 ne

929 660 1311 741 Amphipolis
1333 661 1446 719 sibi
1476 658 1897 739 praeriperetur,
1936 666 2002 717 ut
2024 659 2179 717 hanc
2214 676 2253 715 a
2292 652 2586 715 Norbano
2619 664 2815 713 reten-

928 766 1052 815 tam
1077 766 1254 834 atque
1293 756 1473 814 etiam
1507 755 1927 815 communitam
1962 752 2135 821 vidit,
2178 770 2529 830 magnopere
2559 750 2815 827 gavisus,

929 850 1347 931 impedimenta
1389 850 1472 910 ibi
1517 850 1812 929 deposuit,
1856 847 2107 908 Pinario
2146 866 2283 907 cum
2321 866 2441 905 una
2467 846 2695 923 legione
2722 864 2815 902 re·

930 947 1072 1007 licto
1123 945 1198 1005 ad
1251 944 1597 1005 custodiam.
1680 944 1823 1024 Ipse
1874 962 2091 1021 magna
2154 942 2405 1002 audacia
2464 936 2817 1021 progressus,

929 1043 1091 1121 prius
1131 1041 1312 1101 ferme
1353 1060 1530 1120 quam
1567 1041 1771 1100 adesse
1816 1039 2170 1109 crederetur,
2211 1046 2406 1097 castra
2446 1035 2637 1117 planis
2674 1034 2820 1096 locis

931 1137 1145 1218 posuit,
1169 1156 1286 1195 uno
1303 1144 1534 1195 tantum
1559 1134 1797 1194 milliari
1808 1133 2112 1193 discretus.
2176 1132 2331 1192 Tum
2360 1150 2496 1191 vero
2522 1132 2819 1211 apparuit,

932 1242 1154 1313 quanto
1198 1232 1432 1312 potiora
1480 1232 1681 1291 omnia
1718 1240 1801 1289 et·
1832 1228 2226 1289 commodiora.
2261 1228 2563 1287 cassianis
2605 1236 2817 1285 essent.

935 1326 1150 1387 Castra
1191 1327 1489 1387 habebant
1530 1325 1927 1405 superioribus
1968 1324 2135 1394 locis,
2162 1322 2464 1383 Antonius
2504 1323 2563 1381 in
2600 1320 2819 1401 plano:

934 1442 1010 1481 ex
1039 1423 1332 1481 montibus
1354 1422 1744 1502 suppetebant
1772 1420 1889 1479 illis
1928 1419 2110 1497 ligna,
2154 1419 2293 1479 huic
2332 1417 2588 1499 petenda
2609 1403 2693 1477 ex'
2712 1433 2820 1495 pa-

935 1515 1208 1575 lustribus
1239 1515 1628 1581 lociserant:
1672 1516 1790 1574 illis
1830 1514 2041 1575 fluvius
2080 1514 2383 1593 praebebat
2422 1512 2821 1593 aquationem,

935 1610 1034 1671 hic
1058 1620 1268 1691 puteos
1301 1612 1549 1671 curabat
1579 1609 1983 1671 effodiendos:
2026 1608 2147 1668 illis
2176 1628 2217 1668 a
2254 1610 2585 1689 propinqua
2622 1606 2823 1666 Thaso

937 1692 1366 1767 subvehebatur
1397 1716 1780 1777 commeatus,
1824 1705 1961 1765 huic
2000 1704 2379 1765 arcessendus
2413 1712 2542 1763 erat
2565 1702 2823 1781 Amphi-

850 1846 856 1851 ·
939 1802 1080 1881 poli.
1165 1801 1442 1863 Ceterum
1481 1801 1629 1863 nihil
1654 1812 1783 1861 erat
1824 1801 1885 1859 in
1931 1800 2261 1881 praesentia
2282 1800 2515 1868 melius,
2542 1818 2677 1857 cum
2715 1819 2823 1878 op-

624 2950 741 2998 Dio.
765 2950 900 2999 Plut.

625 3046 742 3096 Dio.

622 3142 757 3192 Piut.

627 3236 745 3288 Dio.

939 1905 1190 1976 portuna
1212 1896 1346 1957 loca
1371 1897 1567 1956 hostes
1590 1896 2019 1976 praecepissent,
2044 1894 2229 1955 colles
2252 1895 2357 1954 alii
2376 1894 2523 1953 nulli
2560 1913 2828 1973 supere&

937 2001 1088 2062 sent,
1114 1991 1342 2070 reliqua
1365 1991 1641 2071 planities
1665 1991 2013 2071 depressior,
2048 1991 2388 2051 exundante
2412 2008 2829 2067 nonnunquam

939 2084 1142 2156 fluvio,
1187 2097 1500 2165 stagnaret.
1583 2087 1924 2148 Audaciam
1966 2097 2163 2148 tamen
2204 2086 2566 2165 interpretati
2608 2085 2832 2145 Brutus

939 2192 1119 2262 atque
1151 2182 1416 2254 Cassius,
1443 2182 1603 2263 quod
1628 2183 1821 2263 potius
1846 2183 2161 2243 necessitas
2184 2180 2396 2251 fuerat,
2422 2180 2673 2241 castella
2696 2180 2832 2259 plue

943 2281 1090 2339 rima
1127 2278 1482 2349 excitarunt,
1508 2279 1789 2359 valloque
1824 2287 1885 2338 et
1914 2278 2073 2339 fossa
2108 2285 2174 2337 et
2214 2278 2389 2337 muris
2427 2274 2829 2336 circumdede—

945 2386 1096 2436 runt.
1183 2377 1422 2437 Cassius
1459 2365 1639 2436 etiam
1684 2396 1755 2435 eo
1794 2376 2008 2456 spatio,
2034 2375 2195 2455 quod
2232 2393 2270 2433 a
2301 2374 2509 2433 castris
2532 2372 2609 2433 ad
2635 2364 2833 2445 lacurn

945 2471 1297 2551 pertinebat,
1325 2481 1561 2549 propter
1588 2472 1882 2549 angustias
1906 2470 2235 2549 neglectum
2264 2471 2445 2549 prius,
2471 2488 2696 2528 murum
2722 2490 2831 2547 op-

948 2567 1196 2645 posuiti
1243 2574 1308 2623 ut
1335 2566 1468 2642 jam
1515 2564 1705 2623 latera
1746 2574 1999 2635 tantum,
2042 2586 2175 2644 quae
2218 2587 2257 2625 a
2282 2564 2525 2625 meridie
2570 2564 2726 2633 lacu,
2770 2574 2836 2623 et

947 2660 1142 2720 lacum
1167 2660 1502 2738 excipiente
1525 2660 1696 2730 mari,
1722 2658 1799 2719 ad
1838 2680 2112 2725 occasum
2148 2662 2371 2740 asperis
2403 2660 2645 2739 rupibus
2668 2668 2833 2737 tege-

947 2756 1180 2824 bantur,
1211 2774 1376 2813 muro
1413 2761 1714 2831 carerent:
1756 2753 1953 2814 media
1994 2753 2149 2824 loca,
2189 2774 2657 2834 quaquaversum
2696 2753 2835 2825 dili?

947 2850 1274 2928 gentissime
1303 2850 1657 2929 permunita,
1678 2849 2163 2928 conspicerentur.

1027 2953 1124 3007 34.
1169 2946 1408 3011 Interea
1433 2946 1631 3023 parvis
1653 2945 2087 3015 certaminibus,
2112 2945 2374 3023 equitum
2407 2946 2721 3024 praeeipue,
2744 2948 2834 3005 vi-

948 3061 1038 3099 res
1071 3041 1322 3103 invicem
1361 3040 1837 3120 experiebantur.
1920 3038 2043 3099 Sed
2067 3039 2169 3097 ubi
2196 3039 2497 3099 Antonius
2516 3038 2835 3113 frumenta7

945 3137 1167 3195 toribus
1212 3135 1468 3195 hostium
1507 3134 1833 3205 insidiatus,
1884 3133 2150 3204 offendit,
2208 3133 2477 3193 Cassiani
2527 3134 2838 3194 ferociores

945 3239 1272 3291 evaserunt.
1358 3227 1479 3288 Sed
1521 3230 1645 3289 suis
1680 3228 1941 3309 partibus
1978 3229 2259 3290 continuo
2294 3227 2549 3287 animum
2576 3229 2839 3289 reddidit

946 3325 1179 3385 decimo
1205 3333 1340 3403 post
1364 3323 1695 3382 Antonium
1720 3323 1818 3383 die
1851 3324 2134 3385 advectus
2160 3322 2381 3384 Caesar.
2466 3314 2709 3404 Quippe
2733 3346 2836 3384 ve-

945 3420 1094 3477 ritus
1118 3426 1422 3496 utrumque
1449 3432 1673 3488 casum,
1704 3437 1775 3477 ne
1802 3427 1905 3477 aut
1940 3420 2291 3488 vinceretur,
2318 3438 2381 3477 se
2408 3419 2671 3489 absente,
2700 3420 2836 3478 An-

948 3514 1166 3581 tonius,
1192 3520 1299 3570 aut
1323 3512 1617 3589 vinceret3
1662 3532 1996 3592 quanquam
2024 3512 2217 3573 adhuc
2250 3532 2451 3595 parum
2479 3512 2647 3573 firma
2672 3515 2837 3573 vale-

946 3606 1178 3678 tudine,
1203 3606 1603 3666 festinaverat.
1692 3606 2002 3668 Deductus
2026 3609 2203 3687 igitur
2228 3608 2287 3667 in
2314 3608 2501 3667 aciem
2540 3609 2836 3669 exercitus

947 3712 1059 3773 est,
1106 3702 1396 3765 animatus
1439 3703 1751 3781 praesentia
1789 3704 2276 3767 circumvehentis
2324 3702 2537 3763 lectica
2580 3705 2837 3776 ordines,

953 3916 1150 3965 Leucas
1172 3924 1413 3977 quatuor.
1488 3912 1738 3963 Ceterum
1762 3922 2004 3978 pen-trs
2026 3916 2247 3965 leucam.
2332 3916 2677 3976 Reposuimm
2708 3930 2839 3979 quo·

949 3994 1124 4043 peram
1177 3982 1260 4029 hic
1314 3978 1569 4027 edebatur
1622 3980 1855 4029 undecim
1928 3994 2025 4043 que
2048 3994 2222 4028 nonum
2246 3994 2341 4043 pro
2361 3986 2589 4030 octavum
2644 3980 2839 4041 Septu-

952 4042 1220 4106 Appianus
1259 4043 1390 4092 enim
1443 4050 1651 4093 centum
1746 4043 1856 4093 enit
1928 4044 2105 4107 aginta
2126 4044 2261 4093 enirn
2284 4043 2473 4101 stadia,
2508 4053 2634 4107 quot
2663 4058 2863 4103 numm,

952 4108 1141 4164 stadia,
1175 4123 1289 4171 quae
1326 4104 1555 4155 efficiunt
1585 4107 1689 4157 duo
1724 4110 1853 4157 ecim
1927 4108 2445 4172 ratAppiann=,dant
2463 4116 2581 4158 octo
2606 4108 2767 4157 millia
2784 4116 2843 4159 et

955 4171 1109 4219 millia
1127 4179 1180 4220 et
1199 4172 1502 4234 quingentos
1515 4186 1719 4283 passus.
1753 4174 1855 4221 No·
1924 4174 2275 4236 septingentos
2316 4172 2691 4237 quinquaginta
2727 4187 2842 4237 pas-

954 4248 1063 4283 num
1083 4235 1212 4283 intra
1233 4236 1448 4285 milliare.
1560 4237 1742 4286 erciam
1776 4237 1853 4286 in·
1926 4252 2029 4287 sus.
2067 4238 2204 4285 Cres.
