<?xml version="1.0" encoding="UTF-8"?>
<!DOCTYPE html PUBLIC "-//W3C//DTD XHTML 1.0 Transitional//EN"
    "http://www.w3.org/TR/xhtml1/DTD/xhtml1-transitional.dtd">
<html xmlns="http://www.w3.org/1999/xhtml" xml:lang="en" lang="en">
 <head>
  <title>
</title>
<meta http-equiv="Content-Type" content="text/html;charset=utf-8" />
  <meta name='ocr-system' content='tesseract 3.04.00' />
  <meta name='ocr-capabilities' content='ocr_page ocr_carea ocr_par ocr_line ocrx_word'/>
</head>
<body>
  <div class='ocr_page' id='page_1' title='image "./tliviipatavinih09livygoog_0475.png"; bbox 0 0 3159 4959; ppageno 0'>
   <div class='ocr_carea' id='block_1_1' title="bbox 16 944 37 1599">
    <p class='ocr_par' dir='ltr' id='par_1_1' title="bbox 16 944 37 1599">
     <span class='ocr_line' id='line_1_1' title="bbox 16 944 37 1599; textangle 90"><span class='ocrx_word' id='word_1_1' title='bbox 17 1558 23 1599; x_wconf 49' lang='grc' dir='ltr'><strong>’Ὗ</strong></span> <span class='ocrx_word' id='word_1_2' title='bbox 16 1456 23 1495; x_wconf 69' lang='grc'><em>’·-’</em></span> <span class='ocrx_word' id='word_1_3' title='bbox 16 1356 27 1395; x_wconf 66' lang='lat'>—</span> <span class='ocrx_word' id='word_1_4' title='bbox 16 1250 27 1291; x_wconf 73' lang='grc'><strong>1-</strong></span> <span class='ocrx_word' id='word_1_5' title='bbox 16 1136 33 1192; x_wconf 69' lang='lat'><strong>-·</strong></span> <span class='ocrx_word' id='word_1_6' title='bbox 17 1048 21 1083; x_wconf 58' lang='lat' dir='ltr'><strong>v-</strong></span> <span class='ocrx_word' id='word_1_7' title='bbox 16 944 37 987; x_wconf 52' lang='lat' dir='ltr'>a</span> 
     </span>
    </p>
   </div>
   <div class='ocr_carea' id='block_1_2' title="bbox 1110 433 2532 502">
    <p class='ocr_par' dir='ltr' id='par_1_2' title="bbox 1110 433 2532 502">
     <span class='ocr_line' id='line_1_2' title="bbox 1110 433 2532 502; baseline -0.003 0"><span class='ocrx_word' id='word_1_8' title='bbox 1110 450 1507 502; x_wconf 71' lang='lat' dir='ltr'><strong>munorum</strong></span> <span class='ocrx_word' id='word_1_9' title='bbox 1557 452 1683 499; x_wconf 75' lang='lat' dir='ltr'><strong>mv</strong></span> <span class='ocrx_word' id='word_1_10' title='bbox 1695 453 1775 499; x_wconf 85' lang='lat' dir='ltr'><strong>n.</strong></span> <span class='ocrx_word' id='word_1_11' title='bbox 2353 433 2532 499; x_wconf 69' lang='lat'><strong>594⁷</strong></span> 
     </span>
    </p>
   </div>
   <div class='ocr_carea' id='block_1_3' title="bbox 333 590 2538 1286">
    <p class='ocr_par' dir='ltr' id='par_1_3' title="bbox 333 590 2538 1286">
     <span class='ocr_line' id='line_1_3' title="bbox 340 590 2535 695; baseline -0.005 -27"><span class='ocrx_word' id='word_1_12' title='bbox 340 604 653 695; x_wconf 62' lang='lat' dir='ltr'><strong>spectum</strong></span> <span class='ocrx_word' id='word_1_13' title='bbox 682 600 955 664; x_wconf 78' lang='lat' dir='ltr'><strong>faeeret.</strong></span> <span class='ocrx_word' id='word_1_14' title='bbox 1044 596 1327 661; x_wconf 86' lang='lat' dir='ltr'><strong>AEmilio</strong></span> <span class='ocrx_word' id='word_1_15' title='bbox 1352 592 1600 660; x_wconf 87' lang='lat' dir='ltr'><strong>deiude</strong></span> <span class='ocrx_word' id='word_1_16' title='bbox 1624 590 1872 659; x_wconf 84' lang='lat' dir='ltr'><strong>Paullo</strong></span> <span class='ocrx_word' id='word_1_17' title='bbox 1905 600 1976 657; x_wconf 90' lang='lat' dir='ltr'><strong>et</strong></span> <span class='ocrx_word' id='word_1_18' title='bbox 2009 592 2328 659; x_wconf 83' lang='lat' dir='ltr'><strong>Terentio</strong></span> <span class='ocrx_word' id='word_1_19' title='bbox 2357 590 2535 659; x_wconf 87' lang='lat' dir='ltr'><strong>Var-</strong></span> 
     </span>
     <span class='ocr_line' id='line_1_4' title="bbox 333 694 2534 773; baseline -0.004 -6"><span class='ocrx_word' id='word_1_20' title='bbox 333 722 514 767; x_wconf 72' lang='lat' dir='ltr'><strong>sone</strong></span> <span class='ocrx_word' id='word_1_21' title='bbox 562 700 953 767; x_wconf 84' lang='lat' dir='ltr'><strong>consulibus</strong></span> <span class='ocrx_word' id='word_1_22' title='bbox 992 703 1059 763; x_wconf 86' lang='lat' dir='ltr'><strong>et</strong></span> <span class='ocrx_word' id='word_1_23' title='bbox 1102 698 1413 773; x_wconf 86' lang='lat' dir='ltr'><strong>ducibus,</strong></span> <span class='ocrx_word' id='word_1_24' title='bbox 1453 716 1608 761; x_wconf 85' lang='lat' dir='ltr'><strong>cum</strong></span> <span class='ocrx_word' id='word_1_25' title='bbox 1656 696 1953 760; x_wconf 80' lang='lat' dir='ltr'><strong>maxima</strong></span> <span class='ocrx_word' id='word_1_26' title='bbox 1985 695 2184 759; x_wconf 87' lang='lat' dir='ltr'><strong>clade</strong></span> <span class='ocrx_word' id='word_1_27' title='bbox 2213 694 2534 759; x_wconf 84' lang='lat' dir='ltr'><strong>adversus</strong></span> 
     </span>
     <span class='ocr_line' id='line_1_5' title="bbox 348 795 2534 881; baseline -0.004 -14"><span class='ocrx_word' id='word_1_28' title='bbox 348 802 801 868; x_wconf 84' lang='lat' dir='ltr'><strong>Hannibalem</strong></span> <span class='ocrx_word' id='word_1_29' title='bbox 826 800 913 865; x_wconf 89' lang='lat' dir='ltr'><strong>ad</strong></span> <span class='ocrx_word' id='word_1_30' title='bbox 949 799 1217 864; x_wconf 88' lang='lat' dir='ltr'><strong>Cannas</strong></span> <span class='ocrx_word' id='word_1_31' title='bbox 1246 805 1616 881; x_wconf 85' lang='lat' dir='ltr'><strong>pugnatum</strong></span> <span class='ocrx_word' id='word_1_32' title='bbox 1648 802 1790 860; x_wconf 88' lang='lat' dir='ltr'><strong>est.</strong></span> <span class='ocrx_word' id='word_1_33' title='bbox 1835 815 2151 879; x_wconf 79' lang='lat' dir='ltr'><strong>oaesaque</strong></span> <span class='ocrx_word' id='word_1_34' title='bbox 2181 813 2273 859; x_wconf 87' lang='lat' dir='ltr'><strong>eo</strong></span> <span class='ocrx_word' id='word_1_35' title='bbox 2292 795 2534 880; x_wconf 82' lang='lat' dir='ltr'><strong>praelio</strong></span> 
     </span>
     <span class='ocr_line' id='line_1_6' title="bbox 343 896 2536 984; baseline -0.001 -20"><span class='ocrx_word' id='word_1_36' title='bbox 343 903 813 970; x_wconf 64' lang='lat' dir='ltr'><strong>,Romanorum</strong></span> <span class='ocrx_word' id='word_1_37' title='bbox 838 901 1287 984; x_wconf 84' lang='lat' dir='ltr'><strong>quadraginta</strong></span> <span class='ocrx_word' id='word_1_38' title='bbox 1314 899 1618 983; x_wconf 87' lang='lat' dir='ltr'><strong>quinque</strong></span> <span class='ocrx_word' id='word_1_39' title='bbox 1649 898 1881 975; x_wconf 85' lang='lat' dir='ltr'><strong>millia,</strong></span> <span class='ocrx_word' id='word_1_40' title='bbox 1915 916 2066 961; x_wconf 88' lang='lat' dir='ltr'><strong>eum</strong></span> <span class='ocrx_word' id='word_1_41' title='bbox 2097 896 2344 961; x_wconf 78' lang='lat' dir='ltr'><strong>Baullo</strong></span> <span class='ocrx_word' id='word_1_42' title='bbox 2376 916 2536 977; x_wconf 53' lang='lat' dir='ltr'><strong>con,-</strong></span> 
     </span>
     <span class='ocr_line' id='line_1_7' title="bbox 346 999 2532 1082; baseline -0.004 -13"><span class='ocrx_word' id='word_1_43' title='bbox 346 1006 491 1081; x_wconf 69' lang='lat' dir='ltr'><strong>¹sule</strong></span> <span class='ocrx_word' id='word_1_44' title='bbox 519 1010 589 1069; x_wconf 90' lang='lat' dir='ltr'><strong>et</strong></span> <span class='ocrx_word' id='word_1_45' title='bbox 614 1003 1039 1069; x_wconf 83' lang='lat' dir='ltr'><strong>senatoribus</strong></span> <span class='ocrx_word' id='word_1_46' title='bbox 1068 1000 1441 1081; x_wconf 78' lang='lat' dir='ltr'><strong>octoginta,</strong></span> <span class='ocrx_word' id='word_1_47' title='bbox 1473 999 1943 1064; x_wconf 84' lang='lat' dir='ltr'><strong>consularibus</strong></span> <span class='ocrx_word' id='word_1_48' title='bbox 1965 1006 2172 1082; x_wconf 88' lang='lat' dir='ltr'><strong>atque</strong></span> <span class='ocrx_word' id='word_1_49' title='bbox 2195 999 2532 1081; x_wconf 75' lang='lat' dir='ltr'><strong>praetoriis</strong></span> 
     </span>
     <span class='ocr_line' id='line_1_8' title="bbox 348 1098 2538 1185; baseline -0.004 -15"><span class='ocrx_word' id='word_1_50' title='bbox 348 1110 469 1171; x_wconf 82' lang='lat' dir='ltr'><strong>aut</strong></span> <span class='ocrx_word' id='word_1_51' title='bbox 494 1106 805 1183; x_wconf 78' lang='lat' dir='ltr'><strong>aedilitiis</strong></span> <span class='ocrx_word' id='word_1_52' title='bbox 838 1102 1131 1185; x_wconf 83' lang='lat' dir='ltr'><strong>triginta.</strong></span> <span class='ocrx_word' id='word_1_53' title='bbox 1220 1099 1395 1166; x_wconf 88' lang='lat' dir='ltr'><strong>Post</strong></span> <span class='ocrx_word' id='word_1_54' title='bbox 1423 1120 1629 1184; x_wconf 91' lang='lat' dir='ltr'><strong>quam.</strong></span> <span class='ocrx_word' id='word_1_55' title='bbox 1659 1098 1916 1165; x_wconf 82' lang='lat' dir='ltr'><strong>cladem</strong></span> <span class='ocrx_word' id='word_1_56' title='bbox 1945 1118 2096 1164; x_wconf 87' lang='lat' dir='ltr'><strong>cum</strong></span> <span class='ocrx_word' id='word_1_57' title='bbox 2125 1118 2168 1163; x_wconf 86' lang='lat' dir='ltr'><strong>a</strong></span> <span class='ocrx_word' id='word_1_58' title='bbox 2197 1098 2538 1163; x_wconf 85' lang='lat' dir='ltr'><strong>nobilibus</strong></span> 
     </span>
     <span class='ocr_line' id='line_1_9' title="bbox 335 1200 2533 1286; baseline -0.007 -13"><span class='ocrx_word' id='word_1_59' title='bbox 335 1204 897 1278; x_wconf 36' lang='lat' dir='ltr'><strong>‘adolescentibus</strong></span> <span class='ocrx_word' id='word_1_60' title='bbox 930 1208 1208 1286; x_wconf 85' lang='lat' dir='ltr'><strong>propter</strong></span> <span class='ocrx_word' id='word_1_61' title='bbox 1251 1201 1781 1285; x_wconf 80' lang='lat' dir='ltr'><strong>desperationem</strong></span> <span class='ocrx_word' id='word_1_62' title='bbox 1825 1202 2182 1266; x_wconf 86' lang='lat' dir='ltr'><strong>eonsilium</strong></span> <span class='ocrx_word' id='word_1_63' title='bbox 2224 1200 2533 1265; x_wconf 66' lang='lat' dir='ltr'><strong>dei-eliu·-</strong></span> 
     </span>
    </p>
   </div>
   <div class='ocr_carea' id='block_1_4' title="bbox 334 1300 2540 1391">
    <p class='ocr_par' dir='ltr' id='par_1_4' title="bbox 334 1300 2540 1391">
     <span class='ocr_line' id='line_1_10' title="bbox 334 1300 2540 1391; baseline -0.002 -20"><span class='ocrx_word' id='word_1_64' title='bbox 334 1305 621 1391; x_wconf 84' lang='lat' dir='ltr'><strong>.quenda</strong></span> <span class='ocrx_word' id='word_1_65' title='bbox 652 1304 859 1370; x_wconf 85' lang='lat' dir='ltr'><strong>Italia</strong></span> <span class='ocrx_word' id='word_1_66' title='bbox 888 1305 1201 1381; x_wconf 84' lang='lat' dir='ltr'><strong>iniretur3</strong></span> <span class='ocrx_word' id='word_1_67' title='bbox 1245 1303 1329 1366; x_wconf 87' lang='lat' dir='ltr'><strong>P.</strong></span> <span class='ocrx_word' id='word_1_68' title='bbox 1359 1302 1718 1367; x_wconf 85' lang='lat' dir='ltr'><strong>Cornelius</strong></span> <span class='ocrx_word' id='word_1_69' title='bbox 1760 1303 1997 1386; x_wconf 84' lang='lat' dir='ltr'><strong>Scipio</strong></span> <span class='ocrx_word' id='word_1_70' title='bbox 2028 1302 2341 1367; x_wconf 86' lang='lat' dir='ltr'><strong>tribunus.</strong></span> <span class='ocrx_word' id='word_1_71' title='bbox 2366 1300 2540 1366; x_wconf 81' lang='lat' dir='ltr'><strong>mili·</strong></span> 
     </span>
    </p>
   </div>
   <div class='ocr_carea' id='block_1_5' title="bbox 340 1404 2540 1591">
    <p class='ocr_par' dir='ltr' id='par_1_5' title="bbox 340 1404 2540 1591">
     <span class='ocr_line' id='line_1_11' title="bbox 340 1404 2540 1490; baseline -0.004 -17"><span class='ocrx_word' id='word_1_72' title='bbox 340 1416 521 1483; x_wconf 70' lang='lat' dir='ltr'><strong>tum,</strong></span> <span class='ocrx_word' id='word_1_73' title='bbox 573 1408 686 1490; x_wconf 90' lang='lat' dir='ltr'><strong>qui</strong></span> <span class='ocrx_word' id='word_1_74' title='bbox 731 1411 961 1489; x_wconf 89' lang='lat' dir='ltr'><strong>postea</strong></span> <span class='ocrx_word' id='word_1_75' title='bbox 1000 1405 1363 1469; x_wconf 83' lang='lat' dir='ltr'><strong>Africanus</strong></span> <span class='ocrx_word' id='word_1_76' title='bbox 1408 1404 1834 1488; x_wconf 82' lang='lat' dir='ltr'><strong>nuncupatus</strong></span> <span class='ocrx_word' id='word_1_77' title='bbox 1877 1410 2003 1481; x_wconf 87' lang='lat' dir='ltr'><strong>est,</strong></span> <span class='ocrx_word' id='word_1_78' title='bbox 2049 1404 2290 1467; x_wconf 87' lang='lat' dir='ltr'><strong>stricto</strong></span> <span class='ocrx_word' id='word_1_79' title='bbox 2339 1420 2540 1485; x_wconf 85' lang='lat' dir='ltr'><strong>super</strong></span> 
     </span>
     <span class='ocr_line' id='line_1_12' title="bbox 340 1503 2538 1591; baseline -0.003 -20"><span class='ocrx_word' id='word_1_80' title='bbox 340 1508 587 1591; x_wconf 55' lang='lat' dir='ltr'><strong>capita</strong></span> <span class='ocrx_word' id='word_1_81' title='bbox 614 1507 1121 1573; x_wconf 75' lang='lat' dir='ltr'><strong>deliberantium</strong></span> <span class='ocrx_word' id='word_1_82' title='bbox 1150 1504 1353 1581; x_wconf 80' lang='lat' dir='ltr'><strong>ferre,</strong></span> <span class='ocrx_word' id='word_1_83' title='bbox 1373 1504 1656 1588; x_wconf 81' lang='lat' dir='ltr'><strong>juravit,</strong></span> <span class='ocrx_word' id='word_1_84' title='bbox 1685 1524 1758 1569; x_wconf 90' lang='lat' dir='ltr'><strong>se</strong></span> <span class='ocrx_word' id='word_1_85' title='bbox 1786 1523 1911 1588; x_wconf 89' lang='lat' dir='ltr'><strong>pro</strong></span> <span class='ocrx_word' id='word_1_86' title='bbox 1937 1505 2133 1583; x_wconf 80' lang='lat' dir='ltr'><strong>hoste</strong></span> <span class='ocrx_word' id='word_1_87' title='bbox 2169 1503 2538 1568; x_wconf 86' lang='lat' dir='ltr'><strong>habiturum</strong></span> 
     </span>
    </p>
   </div>
   <div class='ocr_carea' id='block_1_6' title="bbox 324 1600 2541 1691">
    <p class='ocr_par' dir='ltr' id='par_1_6' title="bbox 324 1600 2541 1691">
     <span class='ocr_line' id='line_1_13' title="bbox 324 1600 2541 1691; baseline -0.004 -16"><span class='ocrx_word' id='word_1_88' title='bbox 324 1626 535 1686; x_wconf 57' lang='lat' dir='ltr'><strong>bum,</strong></span> <span class='ocrx_word' id='word_1_89' title='bbox 567 1608 681 1691; x_wconf 84' lang='lat' dir='ltr'><strong>qui</strong></span> <span class='ocrx_word' id='word_1_90' title='bbox 718 1607 791 1671; x_wconf 89' lang='lat' dir='ltr'><strong>in</strong></span> <span class='ocrx_word' id='word_1_91' title='bbox 837 1607 1043 1671; x_wconf 81' lang='lat' dir='ltr'><strong>verba</strong></span> <span class='ocrx_word' id='word_1_92' title='bbox 1084 1623 1213 1669; x_wconf 86' lang='lat' dir='ltr'><strong>sua</strong></span> <span class='ocrx_word' id='word_1_93' title='bbox 1244 1623 1373 1669; x_wconf 87' lang='lat' dir='ltr'><strong>uon</strong></span> <span class='ocrx_word' id='word_1_94' title='bbox 1397 1605 1743 1688; x_wconf 80' lang='lat' dir='ltr'><strong>jurasset3</strong></span> <span class='ocrx_word' id='word_1_95' title='bbox 1789 1600 2173 1687; x_wconf 76' lang='lat' dir='ltr'><strong>effecitque,</strong></span> <span class='ocrx_word' id='word_1_96' title='bbox 2213 1611 2286 1668; x_wconf 88' lang='lat' dir='ltr'><strong>ut</strong></span> <span class='ocrx_word' id='word_1_97' title='bbox 2313 1622 2541 1669; x_wconf 87' lang='lat' dir='ltr'><strong>omnes</strong></span> 
     </span>
    </p>
   </div>
   <div class='ocr_carea' id='block_1_7' title="bbox 338 1704 2547 2493">
    <p class='ocr_par' dir='ltr' id='par_1_7' title="bbox 338 1704 2547 2493">
     <span class='ocr_line' id='line_1_14' title="bbox 340 1704 2543 1790; baseline -0.003 -16"><span class='ocrx_word' id='word_1_98' title='bbox 340 1709 625 1775; x_wconf 67' lang='lat' dir='ltr'><strong>,minime</strong></span> <span class='ocrx_word' id='word_1_99' title='bbox 672 1708 970 1773; x_wconf 88' lang='lat' dir='ltr'><strong>relictum</strong></span> <span class='ocrx_word' id='word_1_100' title='bbox 1017 1707 1097 1770; x_wconf 90' lang='lat' dir='ltr'><strong>iri</strong></span> <span class='ocrx_word' id='word_1_101' title='bbox 1118 1704 1168 1765; x_wconf 57' lang='grc' dir='ltr'><strong>ἲ*</strong></span> <span class='ocrx_word' id='word_1_102' title='bbox 1213 1726 1255 1770; x_wconf 88' lang='lat' dir='ltr'><strong>a</strong></span> <span class='ocrx_word' id='word_1_103' title='bbox 1298 1725 1375 1771; x_wconf 90' lang='lat' dir='ltr'><strong>se</strong></span> <span class='ocrx_word' id='word_1_104' title='bbox 1425 1705 1702 1771; x_wconf 90' lang='lat' dir='ltr'><strong>Italiam</strong></span> <span class='ocrx_word' id='word_1_105' title='bbox 1736 1705 2180 1790; x_wconf 86' lang='lat' dir='ltr'><strong>jurejurando</strong></span> <span class='ocrx_word' id='word_1_106' title='bbox 2226 1706 2543 1787; x_wconf 83' lang='lat' dir='ltr'><strong>astringe-</strong></span> 
     </span>
     <span class='ocr_line' id='line_1_15' title="bbox 338 1806 2543 1889; baseline -0.005 -12"><span class='ocrx_word' id='word_1_107' title='bbox 338 1815 593 1877; x_wconf 63' lang='lat' dir='ltr'><strong>rentur.</strong></span> <span class='ocrx_word' id='word_1_108' title='bbox 676 1807 1027 1873; x_wconf 63' lang='lat' dir='ltr'><strong>Praeterea</strong></span> <span class='ocrx_word' id='word_1_109' title='bbox 1063 1807 1573 1889; x_wconf 83' lang='lat' dir='ltr'><strong>trepidationem</strong></span> <span class='ocrx_word' id='word_1_110' title='bbox 1601 1806 1812 1872; x_wconf 85' lang='lat' dir='ltr'><strong>Urbis</strong></span> <span class='ocrx_word' id='word_1_111' title='bbox 1849 1814 1918 1871; x_wconf 90' lang='lat' dir='ltr'><strong>et</strong></span> <span class='ocrx_word' id='word_1_112' title='bbox 1959 1808 2288 1883; x_wconf 84' lang='lat' dir='ltr'><strong>luctum‚¹⁹</strong></span> <span class='ocrx_word' id='word_1_113' title='bbox 2337 1813 2406 1869; x_wconf 87' lang='lat' dir='ltr'><strong>et</strong></span> <span class='ocrx_word' id='word_1_114' title='bbox 2437 1823 2543 1867; x_wconf 92' lang='lat' dir='ltr'><strong>res</strong></span> 
     </span>
     <span class='ocr_line' id='line_1_16' title="bbox 352 1904 2547 1991; baseline -0.002 -19"><span class='ocrx_word' id='word_1_115' title='bbox 352 1908 423 1973; x_wconf 88' lang='lat' dir='ltr'><strong>in</strong></span> <span class='ocrx_word' id='word_1_116' title='bbox 476 1908 819 1991; x_wconf 81' lang='lat' dir='ltr'><strong>Hispania</strong></span> <span class='ocrx_word' id='word_1_117' title='bbox 876 1908 1150 1971; x_wconf 83' lang='lat' dir='ltr'><strong>meliore</strong></span> <span class='ocrx_word' id='word_1_118' title='bbox 1198 1913 1434 1971; x_wconf 85' lang='lat' dir='ltr'><strong>eventu</strong></span> <span class='ocrx_word' id='word_1_119' title='bbox 1486 1913 1714 1987; x_wconf 85' lang='lat' dir='ltr'><strong>gestas</strong></span> <span class='ocrx_word' id='word_1_120' title='bbox 1759 1907 2068 1972; x_wconf 86' lang='lat' dir='ltr'><strong>eontinet.</strong></span> <span class='ocrx_word' id='word_1_121' title='bbox 2160 1904 2436 1987; x_wconf 86' lang='lat' dir='ltr'><strong>Opimia</strong></span> <span class='ocrx_word' id='word_1_122' title='bbox 2479 1910 2547 1967; x_wconf 85' lang='lat' dir='ltr'><strong>et</strong></span> 
     </span>
     <span class='ocr_line' id='line_1_17' title="bbox 357 2003 2542 2089; baseline -0.003 -16"><span class='ocrx_word' id='word_1_123' title='bbox 357 2009 691 2089; x_wconf 70' lang='lat' dir='ltr'><strong>Floronia,</strong></span> <span class='ocrx_word' id='word_1_124' title='bbox 713 2005 1037 2071; x_wconf 76' lang='lat' dir='ltr'><strong>Vestales</strong></span> <span class='ocrx_word' id='word_1_125' title='bbox 1068 2006 1383 2087; x_wconf 78' lang='lat' dir='ltr'><strong>virgines,</strong></span> <span class='ocrx_word' id='word_1_126' title='bbox 1405 2007 1646 2070; x_wconf 84' lang='lat' dir='ltr'><strong>incesti</strong></span> <span class='ocrx_word' id='word_1_127' title='bbox 1669 2006 2002 2087; x_wconf 74' lang='lat' dir='ltr'><strong>damnatas</strong></span> <span class='ocrx_word' id='word_1_128' title='bbox 2030 2012 2267 2071; x_wconf 76' lang='lat' dir='ltr'><strong>sunt-²⁰</strong></span> <span class='ocrx_word' id='word_1_129' title='bbox 2327 2003 2542 2087; x_wconf 86' lang='lat' dir='ltr'><strong>Prop-</strong></span> 
     </span>
     <span class='ocr_line' id='line_1_18' title="bbox 355 2108 2547 2194; baseline -0.003 -20"><span class='ocrx_word' id='word_1_130' title='bbox 355 2116 461 2177; x_wconf 84' lang='lat' dir='ltr'><strong>ter</strong></span> <span class='ocrx_word' id='word_1_131' title='bbox 497 2109 901 2194; x_wconf 80' lang='lat' dir='ltr'><strong>paucitatem</strong></span> <span class='ocrx_word' id='word_1_132' title='bbox 941 2125 1094 2171; x_wconf 78' lang='lat' dir='ltr'><strong>vero</strong></span> <span class='ocrx_word' id='word_1_133' title='bbox 1136 2108 1417 2172; x_wconf 87' lang='lat' dir='ltr'><strong>militum</strong></span> <span class='ocrx_word' id='word_1_134' title='bbox 1460 2126 1802 2173; x_wconf 85' lang='lat' dir='ltr'><strong>servorum</strong></span> <span class='ocrx_word' id='word_1_135' title='bbox 1844 2116 2003 2173; x_wconf 87' lang='lat' dir='ltr'><strong>octo</strong></span> <span class='ocrx_word' id='word_1_136' title='bbox 2042 2108 2254 2172; x_wconf 84' lang='lat' dir='ltr'><strong>millia</strong></span> <span class='ocrx_word' id='word_1_137' title='bbox 2287 2114 2547 2171; x_wconf 84' lang='lat' dir='ltr'><strong>armata</strong></span> 
     </span>
     <span class='ocr_line' id='line_1_19' title="bbox 356 2207 2545 2291; baseline -0.003 -16"><span class='ocrx_word' id='word_1_138' title='bbox 356 2216 529 2276; x_wconf 86' lang='lat' dir='ltr'><strong>sunt.</strong></span> <span class='ocrx_word' id='word_1_139' title='bbox 618 2209 911 2291; x_wconf 85' lang='lat' dir='ltr'><strong>Captivi,</strong></span> <span class='ocrx_word' id='word_1_140' title='bbox 941 2226 1093 2272; x_wconf 87' lang='lat' dir='ltr'><strong>cum</strong></span> <span class='ocrx_word' id='word_1_141' title='bbox 1125 2214 1433 2290; x_wconf 83' lang='lat' dir='ltr'><strong>potestas</strong></span> <span class='ocrx_word' id='word_1_142' title='bbox 1463 2217 1648 2273; x_wconf 88' lang='lat' dir='ltr'><strong>esset</strong></span> <span class='ocrx_word' id='word_1_143' title='bbox 1683 2209 2066 2286; x_wconf 87' lang='lat' dir='ltr'><strong>redimendi,</strong></span> <span class='ocrx_word' id='word_1_144' title='bbox 2094 2207 2382 2273; x_wconf 86' lang='lat' dir='ltr'><strong>redemti</strong></span> <span class='ocrx_word' id='word_1_145' title='bbox 2409 2224 2545 2271; x_wconf 88' lang='lat' dir='ltr'><strong>non</strong></span> 
     </span>
     <span class='ocr_line' id='line_1_20' title="bbox 349 2306 2544 2394; baseline -0.002 -19"><span class='ocrx_word' id='word_1_146' title='bbox 349 2316 539 2377; x_wconf 73' lang='lat' dir='ltr'><strong>sunt.</strong></span> <span class='ocrx_word' id='word_1_147' title='bbox 625 2308 918 2373; x_wconf 85' lang='lat' dir='ltr'><strong>Varroni</strong></span> <span class='ocrx_word' id='word_1_148' title='bbox 950 2308 1219 2372; x_wconf 83' lang='lat' dir='ltr'><strong>obviam</strong></span> <span class='ocrx_word' id='word_1_149' title='bbox 1265 2308 1437 2371; x_wconf 88' lang='lat' dir='ltr'><strong>itum</strong></span> <span class='ocrx_word' id='word_1_150' title='bbox 1462 2318 1592 2386; x_wconf 86' lang='lat' dir='ltr'><strong>est,</strong></span> <span class='ocrx_word' id='word_1_151' title='bbox 1623 2317 1689 2374; x_wconf 89' lang='lat' dir='ltr'><strong>et</strong></span> <span class='ocrx_word' id='word_1_152' title='bbox 1735 2309 1968 2391; x_wconf 82' lang='lat' dir='ltr'><strong>gratiae</strong></span> <span class='ocrx_word' id='word_1_153' title='bbox 2009 2314 2208 2387; x_wconf 79' lang='lat' dir='ltr'><strong>actae,</strong></span> <span class='ocrx_word' id='word_1_154' title='bbox 2247 2306 2430 2394; x_wconf 88' lang='lat' dir='ltr'><strong>quod</strong></span> <span class='ocrx_word' id='word_1_155' title='bbox 2459 2306 2544 2371; x_wconf 88' lang='lat' dir='ltr'><strong>de</strong></span> 
     </span>
     <span class='ocr_line' id='line_1_21' title="bbox 358 2408 1383 2493; baseline -0.002 -20"><span class='ocrx_word' id='word_1_156' title='bbox 358 2428 431 2473; x_wconf 90' lang='lat' dir='ltr'><strong>re</strong></span> <span class='ocrx_word' id='word_1_157' title='bbox 460 2408 743 2493; x_wconf 86' lang='lat' dir='ltr'><strong>publiea</strong></span> <span class='ocrx_word' id='word_1_158' title='bbox 770 2428 903 2473; x_wconf 88' lang='lat' dir='ltr'><strong>non</strong></span> <span class='ocrx_word' id='word_1_159' title='bbox 927 2408 1383 2492; x_wconf 83' lang='lat' dir='ltr'><strong>desperasset.</strong></span> 
     </span>
    </p>
   </div>
   <div class='ocr_carea' id='block_1_8' title="bbox 1278 2570 1634 2593">
    <p class='ocr_par' dir='ltr' id='par_1_8' title="bbox 1278 2570 1634 2593">
     <span class='ocr_line' id='line_1_22' title="bbox 1278 2570 1634 2593; baseline 0.003 -2"><span class='ocrx_word' id='word_1_160' title='bbox 1278 2570 1479 2593; x_wconf 60' lang='lat' dir='ltr'><strong>OONOOO</strong></span> <span class='ocrx_word' id='word_1_161' title='bbox 1486 2571 1634 2592; x_wconf 65' lang='lat' dir='ltr'><em>OOOOO</em></span> 
     </span>
    </p>
   </div>
   <div class='ocr_carea' id='block_1_9' title="bbox 358 2668 2548 2798">
    <p class='ocr_par' dir='ltr' id='par_1_9' title="bbox 358 2668 2548 2798">
     <span class='ocr_line' id='line_1_23' title="bbox 358 2668 2548 2735; baseline -0 -16"><span class='ocrx_word' id='word_1_162' title='bbox 358 2674 490 2719; x_wconf 79' lang='lat'><strong>-18</strong></span> <span class='ocrx_word' id='word_1_163' title='bbox 523 2670 644 2720; x_wconf 74' lang='lat' dir='ltr'><strong>vet.</strong></span> <span class='ocrx_word' id='word_1_164' title='bbox 682 2670 777 2719; x_wconf 75' lang='lat' dir='ltr'><strong>nh.</strong></span> <span class='ocrx_word' id='word_1_165' title='bbox 816 2669 953 2734; x_wconf 80' lang='lat' dir='ltr'><strong>apud</strong></span> <span class='ocrx_word' id='word_1_166' title='bbox 992 2670 1047 2721; x_wconf 79' lang='lat' dir='ltr'><strong>si</strong></span> <span class='ocrx_word' id='word_1_167' title='bbox 1032 2684 1167 2735; x_wconf 76' lang='lat' dir='ltr'><strong>igou.</strong></span> <span class='ocrx_word' id='word_1_168' title='bbox 1208 2686 1303 2722; x_wconf 70' lang='lat' dir='ltr'><strong>non</strong></span> <span class='ocrx_word' id='word_1_169' title='bbox 1339 2672 1507 2723; x_wconf 76' lang='lat' dir='ltr'><strong>relinet</strong></span> <span class='ocrx_word' id='word_1_170' title='bbox 1478 2688 1556 2720; x_wconf 81' lang='lat' dir='ltr'><strong>um</strong></span> <span class='ocrx_word' id='word_1_171' title='bbox 1591 2673 1674 2723; x_wconf 75' lang='lat' dir='ltr'><strong>iri.</strong></span> <span class='ocrx_word' id='word_1_172' title='bbox 1679 2674 1809 2721; x_wconf 81' lang='lat'><strong>—19</strong></span> <span class='ocrx_word' id='word_1_173' title='bbox 1841 2672 2068 2723; x_wconf 71' lang='lat' dir='ltr'><strong>Lustrum</strong></span> <span class='ocrx_word' id='word_1_174' title='bbox 2105 2668 2258 2721; x_wconf 78' lang='lat' dir='ltr'><strong>Crev.</strong></span> <span class='ocrx_word' id='word_1_175' title='bbox 2261 2674 2390 2721; x_wconf 76' lang='lat'><strong>-20</strong></span> <span class='ocrx_word' id='word_1_176' title='bbox 2421 2668 2548 2719; x_wconf 73' lang='lat' dir='ltr'><strong>Sunt</strong></span> 
     </span>
     <span class='ocr_line' id='line_1_24' title="bbox 359 2734 1710 2798; baseline 0.001 -14"><span class='ocrx_word' id='word_1_177' title='bbox 359 2735 463 2786; x_wconf 80' lang='lat' dir='ltr'><strong>del·</strong></span> <span class='ocrx_word' id='word_1_178' title='bbox 478 2734 643 2787; x_wconf 83' lang='lat' dir='ltr'><strong>Grou</strong></span> <span class='ocrx_word' id='word_1_179' title='bbox 668 2736 878 2798; x_wconf 80' lang='lat' dir='ltr'><strong>Doujat.</strong></span> <span class='ocrx_word' id='word_1_180' title='bbox 901 2737 1057 2785; x_wconf 81' lang='lat' dir='ltr'><strong>Crev.</strong></span> <span class='ocrx_word' id='word_1_181' title='bbox 1701 2785 1710 2791; x_wconf 78' lang='grc'><strong>,</strong></span> 
     </span>
    </p>
   </div>
   <div class='ocr_carea' id='block_1_10' title="bbox 1176 2966 1741 3039">
    <p class='ocr_par' dir='ltr' id='par_1_10' title="bbox 1176 2966 1741 3039">
     <span class='ocr_line' id='line_1_25' title="bbox 1176 2966 1741 3039; baseline -0.002 -2"><span class='ocrx_word' id='word_1_182' title='bbox 1176 2973 1264 3038; x_wconf 88' lang='lat' dir='ltr'><strong>Ll</strong></span> <span class='ocrx_word' id='word_1_183' title='bbox 1276 2966 1358 3039; x_wconf 87' lang='lat' dir='ltr'><strong>B.</strong></span> <span class='ocrx_word' id='word_1_184' title='bbox 1433 2974 1741 3037; x_wconf 82' lang='lat' dir='ltr'>XXIII.</span> 
     </span>
    </p>
   </div>
   <div class='ocr_carea' id='block_1_11' title="bbox 348 3153 2558 4350">
    <p class='ocr_par' dir='ltr' id='par_1_11' title="bbox 348 3153 2558 4350">
     <span class='ocr_line' id='line_1_26' title="bbox 446 3153 2546 3239; baseline 0 -18"><span class='ocrx_word' id='word_1_185' title='bbox 446 3153 781 3239; x_wconf 83' lang='lat' dir='ltr'><strong>Campani</strong></span> <span class='ocrx_word' id='word_1_186' title='bbox 813 3154 899 3220; x_wconf 79' lang='lat' dir='ltr'><strong>ad</strong></span> <span class='ocrx_word' id='word_1_187' title='bbox 932 3154 1379 3221; x_wconf 88' lang='lat' dir='ltr'><strong>Hannibalem</strong></span> <span class='ocrx_word' id='word_1_188' title='bbox 1409 3157 1814 3220; x_wconf 84' lang='lat' dir='ltr'><strong>defecerunt.</strong></span> <span class='ocrx_word' id='word_1_189' title='bbox 1903 3156 2210 3221; x_wconf 89' lang='lat' dir='ltr'><strong>Nuntius</strong></span> <span class='ocrx_word' id='word_1_190' title='bbox 2240 3156 2546 3222; x_wconf 87' lang='lat' dir='ltr'><strong>Cannen-</strong></span> 
     </span>
     <span class='ocr_line' id='line_1_27' title="bbox 352 3256 2551 3339; baseline 0 -16"><span class='ocrx_word' id='word_1_191' title='bbox 352 3258 461 3323; x_wconf 74' lang='lat' dir='ltr'><strong>¹sis</strong></span> <span class='ocrx_word' id='word_1_192' title='bbox 490 3257 791 3323; x_wconf 76' lang='lat' dir='ltr'><strong>victorias</strong></span> <span class='ocrx_word' id='word_1_193' title='bbox 836 3256 1045 3339; x_wconf 83' lang='lat' dir='ltr'><strong>Mago</strong></span> <span class='ocrx_word' id='word_1_194' title='bbox 1074 3258 1553 3339; x_wconf 79' lang='lat' dir='ltr'><strong>Carthaginem</strong></span> <span class='ocrx_word' id='word_1_195' title='bbox 1597 3259 1845 3321; x_wconf 84' lang='lat' dir='ltr'><strong>missus</strong></span> <span class='ocrx_word' id='word_1_196' title='bbox 1887 3259 2170 3322; x_wconf 85' lang='lat' dir='ltr'><strong>annulos</strong></span> <span class='ocrx_word' id='word_1_197' title='bbox 2212 3277 2465 3337; x_wconf 86' lang='lat' dir='ltr'><strong>aureos,</strong></span> <span class='ocrx_word' id='word_1_198' title='bbox 2507 3280 2551 3324; x_wconf 85' lang='lat' dir='ltr'><strong>a</strong></span> 
     </span>
     <span class='ocr_line' id='line_1_28' title="bbox 348 3358 2552 3438; baseline 0 -17"><span class='ocrx_word' id='word_1_199' title='bbox 348 3358 594 3438; x_wconf 78' lang='lat' dir='ltr'><strong>digitis</strong></span> <span class='ocrx_word' id='word_1_200' title='bbox 614 3358 991 3423; x_wconf 87' lang='lat' dir='ltr'><strong>occisorum</strong></span> <span class='ocrx_word' id='word_1_201' title='bbox 1010 3358 1475 3422; x_wconf 88' lang='lat' dir='ltr'><strong>Romanorum</strong></span> <span class='ocrx_word' id='word_1_202' title='bbox 1516 3359 1875 3437; x_wconf 84' lang='lat' dir='ltr'><strong>detractos,</strong></span> <span class='ocrx_word' id='word_1_203' title='bbox 1896 3361 1962 3422; x_wconf 91' lang='lat' dir='ltr'><strong>in</strong></span> <span class='ocrx_word' id='word_1_204' title='bbox 1994 3361 2328 3425; x_wconf 80' lang='lat' dir='ltr'><strong>vestibulo</strong></span> <span class='ocrx_word' id='word_1_205' title='bbox 2352 3361 2552 3424; x_wconf 67' lang='lat' dir='ltr'><strong>curias</strong></span> 
     </span>
     <span class='ocr_line' id='line_1_29' title="bbox 354 3456 2553 3544; baseline 0.001 -23"><span class='ocrx_word' id='word_1_206' title='bbox 354 3456 636 3523; x_wconf 76' lang='lat' dir='ltr'><strong>³effudit:</strong></span> <span class='ocrx_word' id='word_1_207' title='bbox 683 3479 860 3544; x_wconf 90' lang='lat' dir='ltr'><strong>quos</strong></span> <span class='ocrx_word' id='word_1_208' title='bbox 891 3461 1279 3524; x_wconf 79' lang='lat' dir='ltr'><strong>excessisse</strong></span> <span class='ocrx_word' id='word_1_209' title='bbox 1308 3460 1517 3524; x_wconf 88' lang='lat' dir='ltr'><strong>modii</strong></span> <span class='ocrx_word' id='word_1_210' title='bbox 1566 3480 1946 3524; x_wconf 85' lang='lat' dir='ltr'><strong>mensuram</strong></span> <span class='ocrx_word' id='word_1_211' title='bbox 1989 3461 2292 3526; x_wconf 84' lang='lat' dir='ltr'><strong>traditur.</strong></span> <span class='ocrx_word' id='word_1_212' title='bbox 2379 3459 2553 3524; x_wconf 85' lang='lat' dir='ltr'><strong>Post</strong></span> 
     </span>
     <span class='ocr_line' id='line_1_30' title="bbox 352 3561 2546 3642; baseline 0 -19"><span class='ocrx_word' id='word_1_213' title='bbox 352 3578 563 3642; x_wconf 76' lang='lat' dir='ltr'><strong>quem</strong></span> <span class='ocrx_word' id='word_1_214' title='bbox 592 3564 893 3626; x_wconf 84' lang='lat' dir='ltr'><strong>nuntium</strong></span> <span class='ocrx_word' id='word_1_215' title='bbox 928 3562 1201 3640; x_wconf 89' lang='lat' dir='ltr'><strong>Hanno,</strong></span> <span class='ocrx_word' id='word_1_216' title='bbox 1233 3564 1329 3626; x_wconf 84' lang='lat' dir='ltr'><strong>vir</strong></span> <span class='ocrx_word' id='word_1_217' title='bbox 1354 3570 1373 3601; x_wconf 90' lang='lat'>¹</span> <span class='ocrx_word' id='word_1_218' title='bbox 1422 3582 1509 3627; x_wconf 83' lang='lat' dir='ltr'><strong>ex</strong></span> <span class='ocrx_word' id='word_1_219' title='bbox 1542 3561 1779 3627; x_wconf 81' lang='lat' dir='ltr'><strong>Poenis</strong></span> <span class='ocrx_word' id='word_1_220' title='bbox 1805 3564 2282 3636; x_wconf 84' lang='lat' dir='ltr'><strong>nobilissimus,</strong></span> <span class='ocrx_word' id='word_1_221' title='bbox 2308 3562 2546 3627; x_wconf 82' lang='lat' dir='ltr'><strong>suade-</strong></span> 
     </span>
     <span class='ocr_line' id='line_1_31' title="bbox 364 3662 2550 3746; baseline 0 -22"><span class='ocrx_word' id='word_1_222' title='bbox 364 3662 481 3724; x_wconf 82' lang='lat' dir='ltr'><strong>bat</strong></span> <span class='ocrx_word' id='word_1_223' title='bbox 508 3663 767 3725; x_wconf 85' lang='lat' dir='ltr'><strong>senatui</strong></span> <span class='ocrx_word' id='word_1_224' title='bbox 796 3662 1461 3744; x_wconf 84' lang='lat' dir='ltr'><strong>Carthaginiensium,</strong></span> <span class='ocrx_word' id='word_1_225' title='bbox 1492 3670 1566 3728; x_wconf 89' lang='lat' dir='ltr'><strong>ut</strong></span> <span class='ocrx_word' id='word_1_226' title='bbox 1609 3682 1838 3746; x_wconf 88' lang='lat' dir='ltr'><strong>pacem</strong></span> <span class='ocrx_word' id='word_1_227' title='bbox 1873 3683 1911 3726; x_wconf 90' lang='lat' dir='ltr'><strong>a</strong></span> <span class='ocrx_word' id='word_1_228' title='bbox 1957 3664 2210 3745; x_wconf 88' lang='lat' dir='ltr'><strong>populo</strong></span> <span class='ocrx_word' id='word_1_229' title='bbox 2241 3662 2550 3727; x_wconf 85' lang='lat' dir='ltr'><strong>Romano</strong></span> 
     </span>
     <span class='ocr_line' id='line_1_32' title="bbox 362 3759 2552 3846; baseline 0 -21"><span class='ocrx_word' id='word_1_230' title='bbox 362 3767 700 3846; x_wconf 83' lang='lat' dir='ltr'><strong>peterent:</strong></span> <span class='ocrx_word' id='word_1_231' title='bbox 754 3780 883 3824; x_wconf 87' lang='lat' dir='ltr'><strong>nee</strong></span> <span class='ocrx_word' id='word_1_232' title='bbox 914 3764 1148 3839; x_wconf 82' lang='lat' dir='ltr'><strong>tenuit,</strong></span> <span class='ocrx_word' id='word_1_233' title='bbox 1178 3763 1596 3845; x_wconf 83' lang='lat' dir='ltr'><strong>obstrepente</strong></span> <span class='ocrx_word' id='word_1_234' title='bbox 1627 3763 1918 3826; x_wconf 82' lang='lat' dir='ltr'><strong>Barcina</strong></span> <span class='ocrx_word' id='word_1_235' title='bbox 1949 3762 2262 3825; x_wconf 84' lang='lat' dir='ltr'><strong>factione.</strong></span> <span class='ocrx_word' id='word_1_236' title='bbox 2351 3759 2552 3827; x_wconf 87' lang='lat' dir='ltr'><strong>Clau-</strong></span> 
     </span>
     <span class='ocr_line' id='line_1_33' title="bbox 356 3858 2556 3948; baseline -0 -21.996"><span class='ocrx_word' id='word_1_237' title='bbox 356 3858 523 3926; x_wconf 90' lang='lat' dir='ltr'><strong>dius</strong></span> <span class='ocrx_word' id='word_1_238' title='bbox 541 3858 939 3939; x_wconf 85' lang='lat' dir='ltr'><strong>Marcellus,</strong></span> <span class='ocrx_word' id='word_1_239' title='bbox 959 3868 1228 3944; x_wconf 82' lang='lat' dir='ltr'><strong>praetor‚</strong></span> <span class='ocrx_word' id='word_1_240' title='bbox 1252 3865 1339 3927; x_wconf 91' lang='lat' dir='ltr'><strong>ad</strong></span> <span class='ocrx_word' id='word_1_241' title='bbox 1364 3863 1641 3941; x_wconf 88' lang='lat' dir='ltr'><strong>Nolam,</strong></span> <span class='ocrx_word' id='word_1_242' title='bbox 1661 3865 2002 3948; x_wconf 84' lang='lat' dir='ltr'><strong>eruptione</strong></span> <span class='ocrx_word' id='word_1_243' title='bbox 2023 3861 2344 3927; x_wconf 87' lang='lat' dir='ltr'><strong>adversus</strong></span> <span class='ocrx_word' id='word_1_244' title='bbox 2366 3862 2556 3927; x_wconf 86' lang='lat' dir='ltr'><strong>Hau·</strong></span> 
     </span>
     <span class='ocr_line' id='line_1_34' title="bbox 364 3962 2554 4047; baseline 0 -20"><span class='ocrx_word' id='word_1_245' title='bbox 364 3962 657 4027; x_wconf 84' lang='lat' dir='ltr'><strong>nibalem</strong></span> <span class='ocrx_word' id='word_1_246' title='bbox 708 3981 797 4026; x_wconf 86' lang='lat' dir='ltr'><strong>ex</strong></span> <span class='ocrx_word' id='word_1_247' title='bbox 846 3963 1105 4046; x_wconf 90' lang='lat' dir='ltr'><strong>oppido</strong></span> <span class='ocrx_word' id='word_1_248' title='bbox 1153 3965 1362 4041; x_wconf 86' lang='lat' dir='ltr'><strong>facta,</strong></span> <span class='ocrx_word' id='word_1_249' title='bbox 1404 3984 1722 4047; x_wconf 85' lang='lat' dir='ltr'><strong>prospere</strong></span> <span class='ocrx_word' id='word_1_250' title='bbox 1764 3966 2109 4047; x_wconf 83' lang='lat' dir='ltr'><strong>pugnavit.</strong></span> <span class='ocrx_word' id='word_1_251' title='bbox 2195 3962 2554 4028; x_wconf 83' lang='lat' dir='ltr'><strong>Exercitus</strong></span> 
     </span>
     <span class='ocr_line' id='line_1_35' title="bbox 369 4063 2555 4147; baseline -0 -18"><span class='ocrx_word' id='word_1_252' title='bbox 369 4063 780 4129; x_wconf 86' lang='lat' dir='ltr'><strong>Hannibalis</strong></span> <span class='ocrx_word' id='word_1_253' title='bbox 821 4082 943 4146; x_wconf 85' lang='lat' dir='ltr'><strong>per</strong></span> <span class='ocrx_word' id='word_1_254' title='bbox 986 4064 1276 4147; x_wconf 83' lang='lat' dir='ltr'><strong>hyberna</strong></span> <span class='ocrx_word' id='word_1_255' title='bbox 1305 4065 1559 4147; x_wconf 85' lang='lat' dir='ltr'><strong>Capuae</strong></span> <span class='ocrx_word' id='word_1_256' title='bbox 1601 4067 1696 4129; x_wconf 88' lang='lat' dir='ltr'><strong>ita</strong></span> <span class='ocrx_word' id='word_1_257' title='bbox 1741 4065 2120 4129; x_wconf 83' lang='lat' dir='ltr'><strong>luxuriatus</strong></span> <span class='ocrx_word' id='word_1_258' title='bbox 2157 4070 2281 4140; x_wconf 89' lang='lat' dir='ltr'><strong>est,</strong></span> <span class='ocrx_word' id='word_1_259' title='bbox 2307 4070 2379 4128; x_wconf 90' lang='lat' dir='ltr'><strong>ut</strong></span> <span class='ocrx_word' id='word_1_260' title='bbox 2406 4082 2555 4128; x_wconf 87' lang='lat' dir='ltr'><strong>eor·</strong></span> 
     </span>
     <span class='ocr_line' id='line_1_36' title="bbox 369 4163 2558 4247; baseline 0.001 -20"><span class='ocrx_word' id='word_1_261' title='bbox 369 4183 600 4247; x_wconf 89' lang='lat' dir='ltr'><strong>porum</strong></span> <span class='ocrx_word' id='word_1_262' title='bbox 633 4165 887 4229; x_wconf 79' lang='lat' dir='ltr'><strong>viribus</strong></span> <span class='ocrx_word' id='word_1_263' title='bbox 928 4173 1133 4247; x_wconf 88' lang='lat' dir='ltr'><strong>atque</strong></span> <span class='ocrx_word' id='word_1_264' title='bbox 1166 4167 1531 4230; x_wconf 87' lang='lat' dir='ltr'><strong>animorum</strong></span> <span class='ocrx_word' id='word_1_265' title='bbox 1564 4176 2006 4245; x_wconf 74' lang='lat' dir='ltr'><strong>enervaretur.</strong></span> <span class='ocrx_word' id='word_1_266' title='bbox 2091 4163 2484 4241; x_wconf 88' lang='lat' dir='ltr'><strong>Casilinum,</strong></span> <span class='ocrx_word' id='word_1_267' title='bbox 2513 4184 2558 4229; x_wconf 83' lang='lat' dir='ltr'><strong>a</strong></span> 
     </span>
     <span class='ocr_line' id='line_1_37' title="bbox 371 4256 2556 4350; baseline 0 -20"><span class='ocrx_word' id='word_1_268' title='bbox 371 4262 609 4330; x_wconf 81' lang='lat' dir='ltr'><strong>Poeuis</strong></span> <span class='ocrx_word' id='word_1_269' title='bbox 655 4266 1037 4345; x_wconf 86' lang='lat' dir='ltr'><strong>obsessum,</strong></span> <span class='ocrx_word' id='word_1_270' title='bbox 1084 4266 1185 4333; x_wconf 88' lang='lat' dir='ltr'><strong>ita</strong></span> <span class='ocrx_word' id='word_1_271' title='bbox 1222 4267 1397 4333; x_wconf 84' lang='lat' dir='ltr'><strong>fame</strong></span> <span class='ocrx_word' id='word_1_272' title='bbox 1439 4256 1758 4332; x_wconf 76' lang='lat' dir='ltr'><strong>vexatum</strong></span> <span class='ocrx_word' id='word_1_273' title='bbox 1798 4273 1925 4345; x_wconf 87' lang='lat' dir='ltr'><strong>est,</strong></span> <span class='ocrx_word' id='word_1_274' title='bbox 1955 4276 2027 4335; x_wconf 84' lang='lat' dir='ltr'><strong>ut</strong></span> <span class='ocrx_word' id='word_1_275' title='bbox 2060 4267 2201 4331; x_wconf 88' lang='lat' dir='ltr'><strong>lora</strong></span> <span class='ocrx_word' id='word_1_276' title='bbox 2235 4270 2305 4331; x_wconf 89' lang='lat' dir='ltr'><strong>et</strong></span> <span class='ocrx_word' id='word_1_277' title='bbox 2344 4266 2556 4350; x_wconf 81' lang='lat' dir='ltr'><strong>pelles</strong></span> 
     </span>
    </p>
   </div>
  </div>
 </body>
</html>
