3159 4959
586 936 2416 1065 SUPPLEMENTUM

1128 1215 1406 1283 LIBRI
1490 1218 1864 1288 cxx-XI.

972 1447 1996 1534 HISTORIARUM

734 1675 854 1761 Τ.
954 1677 1339 1766 LIVII
1443 1677 2216 1772 PATAVINI.

372 2196 431 2248 1.
462 2163 655 2254 CUM
682 2187 897 2250 deinde
920 2189 988 2250 L.
1016 2189 1375 2251 Cornificius·
1392 2190 1462 2250 L.
1492 2189 1563 2251 F.
1594 2190 1739 2252 Sex.
1762 2191 2093 2272 Pompeius
2111 2191 2254 2254 Sex.
2281 2219 2398 2279 Dio,
2429 2237 2546 2272 ιη,

373 2283 445 2344 F.
475 2305 627 2346 auno
652 2284 861 2346 darent
886 2287 1141 2357 uomina,
1170 2306 1382 2347 novam
1410 2287 1467 2344 in
1504 2307 1672 2367 spem
1702 2287 2070 2367 opprimendi
2096 2289 2254 2349 Par-

369 2380 606 2439 thorum
649 2383 801 2459 regis
834 2381 1135 2441 Antonius
1169 2383 1367 2442 venit:
1386 2376 1419 2406 ⁴¹*
1458 2382 1621 2462 quod
1653 2382 1970 2454 Polemon,
2001 2384 2262 2444 Zenonis
2310 2401 2498 2459 strabo,

366 2476 689 2536 Laodiceni
740 2479 989 2538 oratoris
1028 2476 1209 2549 filius,
1255 2497 1430 2557 quem
1472 2477 1708 2538 cilieiae
1745 2479 2046 2557 Pontique
2089 2489 2256 2559 parte
2277 2481 2380 2578 gg
2403 2481 2559 2580 ἔξω

361 2573 646 2632 attributa
686 2594 881 2651 regem
928 2572 1355 2654 appellaverat,
1391 2583 1634 2634 venerat
1668 2572 2128 2646 Alexandriam,
2175 2585 2192 2612 ⁴
2215 2597 2254 2636 a
2309 2561 2523 2670 appiam.
2561 2562 2576 2578 ⁸

364 2666 553 2726 Medo
578 2688 639 2727 se
664 2669 815 2728 mitti
834 2669 855 2698 ’
892 2667 1193 2740 dictitanS,
1237 2677 1260 2705 ‘⁴
1280 2669 1375 2728 eui
1410 2669 1565 2728 male
1607 2688 1742 2728 cum
1766 2668 2010 2729 Parthis
2035 2691 2256 2730 eonve-
2273 2655 2428 2771 ,fg-¹·
2449 2672 2496 2705 v.
2519 2673 2570 2720 P·

360 2763 532 2833 niret,
558 2765 636 2823 ob
664 2765 921 2845 praedarn
960 2765 1157 2844 inique
1188 2764 1460 2836 divisam,
1494 2772 1556 2824 et
1587 2764 1725 2825 iude
1757 2775 1889 2824 orta
1920 2766 2142 2844 jurgia,
2169 2787 2245 2826 ex
2273 2783 2389 2835 Dio.

358 2860 570 2939 quibus
610 2862 669 2920 in
696 2861 1007 2921 amittendi
1030 2861 1195 2940 regni
1225 2862 1490 2920 timorem
1518 2857 1741 2920 Medus
1765 2861 2102 2920 incidisset)
2181 2861 2247 2920 Is
2269 2848 2438 2960 Apula:

358 2958 537 3036 igitur
571 2958 902 3018 Antonium
939 2959 1121 3018 exciri
1137 2961 1417 3036 jusserat,
1456 2976 1660 3018 omnes
1693 2976 1834 3036 opes
1857 2977 1993 3016 suas
2015 2958 2074 3016 in
2100 2958 2244 3018 belli
2301 2947 2513 3038 Appiana.

354 3054 695 3114 societatem
714 3053 983 3114 offerens.
1046 3053 1242 3132 quue
1266 3053 1461 3113 faeere
1487 3061 1657 3112 tanto
1671 3052 1942 3132 cupidius
1959 3052 2238 3112 eredeba—
2265 3038 2432 3150 ἔξω·
2482 3047 2532 3087 ⁶²

352 3158 469 3219 tur,
498 3157 564 3208 ut
591 3150 895 3208 Armeniae
928 3167 1127 3226 regem
1156 3147 1553 3219 ulcisceretur,
1597 3148 1926 3225 iratumque
1959 3148 2016 3206 ei
2043 3147 2240 3206 Anto·
2365 3134 2380 3148 ⁰

353 3243 512 3303 nium
550 3245 888 3315 attraheret,
928 3263 965 3302 a
1000 3262 1119 3322 quo
1157 3252 1364 3302 contra
1387 3262 1449 3303 se
1478 3261 1715 3320 quoque
1741 3261 1926 3320 nuper
1953 3240 2240 3300 adductos

350 3337 585 3398 eosdem
622 3337 929 3399 Romanos
951 3337 1215 3398 dolebat.

428 3441 487 3495 2.
532 3433 725 3513 Igitur
770 3434 1093 3504 Antonius,
1134 3432 1281 3492 nihil
1325 3431 1685 3491 addubitans
1723 3431 2028 3490 victoriam
2068 3449 2236 3490 auam

346 3531 495 3600 fore,
522 3533 572 3590 ai
612 3530 924 3590 Medorum
956 3529 1274 3607 sagittariis
1313 3535 1375 3588 et
1412 3527 1731 3607 equitibuS,
1764 3545 1900 3606 quoe
1939 3529 2234 3606 superiore

346 3625 507 3686 bello
532 3626 661 3685 sola
680 3627 791 3706 ipsi
812 3624 1082 3706 prmidia
1106 3623 1433 3695 defuerant,
1462 3623 1861 3703 adjuvaretur,
1889 3641 2105 3682 novam
2124 3642 2230 3682 ex-

342 3723 703 3802 peditionem
741 3721 1010 3801 parabat,
1049 3729 1117 3779 ut
1155 3721 1234 3780 ad
1276 3720 1551 3779 Araxem
1590 3719 1830 3779 fluvium
1865 3718 2054 3778 Medo
2087 3737 2234 3776 eon-

331 3823 599 3898 junctue,
628 3820 903 3898 impetum
932 3821 992 3876 in
1018 3817 1377 3877 Parthorum
1403 3816 1696 3893 regionem
1733 3815 1976 3873 faceret.
2061 3811 2225 3872 Inte-

336 3918 447 3975 rim
468 3925 537 3976 ut
554 3913 952 3974 Artavasdem
969 3912 1319 3972 Armenium
1336 3911 1477 3972 dolo
1494 3919 1752 3991 caperet,
1770 3910 2044 3969 evocavit
2067 3928 2226 3980 eum,
2253 3917 2364 3971 Dio.

340 4011 509 4093 quasi
534 4009 609 4069 de
644 4008 965 4068 rationibus
1001 4007 1253 4086 suseepti
1278 4006 1423 4068 belli
1460 4004 1900 4065 deliberaturus.
1983 4003 2108 4063 Sed
2135 4002 2222 4066 illi

918 4217 949 4250 “
984 4218 1048 4270 Α.
1072 4219 1137 4269 U.
1162 4219 1222 4270 C'.
1245 4224 1361 4272 717.
1428 4219 1489 4276 Α.
1514 4221 1573 4272 C.
1600 4223 1682 4270 ³⁵.
