<?xml version="1.0" encoding="UTF-8"?>
<!DOCTYPE html PUBLIC "-//W3C//DTD XHTML 1.0 Transitional//EN"
    "http://www.w3.org/TR/xhtml1/DTD/xhtml1-transitional.dtd">
<html xmlns="http://www.w3.org/1999/xhtml" xml:lang="en" lang="en">
 <head>
  <title>
</title>
<meta http-equiv="Content-Type" content="text/html;charset=utf-8" />
  <meta name='ocr-system' content='tesseract 3.04.00' />
  <meta name='ocr-capabilities' content='ocr_page ocr_carea ocr_par ocr_line ocrx_word'/>
</head>
<body>
  <div class='ocr_page' id='page_1' title='image "./tliviipatavinih09livygoog_0434.png"; bbox 0 0 3159 4959; ppageno 0'>
   <div class='ocr_carea' id='block_1_1' title="bbox 610 448 1847 515">
    <p class='ocr_par' dir='ltr' id='par_1_1' title="bbox 610 448 1847 515">
     <span class='ocr_line' id='line_1_1' title="bbox 610 448 1847 515; baseline -0.007 0"><span class='ocrx_word' id='word_1_1' title='bbox 610 448 787 515; x_wconf 80' lang='grc'><strong>5906</strong></span> <span class='ocrx_word' id='word_1_2' title='bbox 1542 460 1614 510; x_wconf 76' lang='grc' dir='ltr'><strong>τ.</strong></span> <span class='ocrx_word' id='word_1_3' title='bbox 1664 460 1847 507; x_wconf 77' lang='lat' dir='ltr'><strong>mvn</strong></span> 
     </span>
    </p>
   </div>
   <div class='ocr_carea' id='block_1_2' title="bbox 612 598 2824 1359">
    <p class='ocr_par' dir='ltr' id='par_1_2' title="bbox 612 598 2824 1359">
     <span class='ocr_line' id='line_1_2' title="bbox 612 598 2824 681; baseline -0.001 -14"><span class='ocrx_word' id='word_1_4' title='bbox 612 617 677 667; x_wconf 88' lang='lat' dir='ltr'><strong>et</strong></span> <span class='ocrx_word' id='word_1_5' title='bbox 712 607 796 673; x_wconf 78' lang='lat' dir='ltr'><strong>Q.</strong></span> <span class='ocrx_word' id='word_1_6' title='bbox 845 604 1159 667; x_wconf 82' lang='lat' dir='ltr'><strong>Metellum</strong></span> <span class='ocrx_word' id='word_1_7' title='bbox 1200 603 1429 681; x_wconf 74' lang='lat' dir='ltr'><strong>legatos</strong></span> <span class='ocrx_word' id='word_1_8' title='bbox 1464 620 1663 661; x_wconf 83' lang='lat' dir='ltr'><strong>secum</strong></span> <span class='ocrx_word' id='word_1_9' title='bbox 1703 600 1848 661; x_wconf 86' lang='lat' dir='ltr'><strong>illuc</strong></span> <span class='ocrx_word' id='word_1_10' title='bbox 1883 600 1970 661; x_wconf 89' lang='lat' dir='ltr'><strong>ire</strong></span> <span class='ocrx_word' id='word_1_11' title='bbox 2007 601 2222 680; x_wconf 62' lang='lat' dir='ltr'><strong>coegit.</strong></span> <span class='ocrx_word' id='word_1_12' title='bbox 2268 598 2352 660; x_wconf 89' lang='lat' dir='ltr'><strong>V.</strong></span> <span class='ocrx_word' id='word_1_13' title='bbox 2392 598 2601 661; x_wconf 81' lang='lat' dir='ltr'><strong>Valet.</strong></span> <span class='ocrx_word' id='word_1_14' title='bbox 2629 601 2824 664; x_wconf 76' lang='lat' dir='ltr'><strong>Max.</strong></span> 
     </span>
     <span class='ocr_line' id='line_1_3' title="bbox 618 695 2824 779; baseline -0.002 -16"><span class='ocrx_word' id='word_1_15' title='bbox 618 718 669 763; x_wconf 65' lang='grc' dir='ltr'><strong>ιι</strong></span> <span class='ocrx_word' id='word_1_16' title='bbox 680 721 726 762; x_wconf 89' lang='lat'><strong>1.</strong></span> <span class='ocrx_word' id='word_1_17' title='bbox 752 708 811 765; x_wconf 79' lang='grc'><strong>7.</strong></span> <span class='ocrx_word' id='word_1_18' title='bbox 840 708 899 761; x_wconf 77' lang='grc'><strong>5.</strong></span> <span class='ocrx_word' id='word_1_19' title='bbox 983 702 1312 779; x_wconf 89' lang='lat' dir='ltr'><strong>Pompeius</strong></span> <span class='ocrx_word' id='word_1_20' title='bbox 1339 708 1535 759; x_wconf 88' lang='lat' dir='ltr'><strong>autem</strong></span> <span class='ocrx_word' id='word_1_21' title='bbox 1560 699 1960 778; x_wconf 86' lang='lat' dir='ltr'><strong>quinquennio</strong></span> <span class='ocrx_word' id='word_1_22' title='bbox 1985 706 2166 757; x_wconf 84' lang='lat' dir='ltr'><strong>antea</strong></span> <span class='ocrx_word' id='word_1_23' title='bbox 2183 695 2386 757; x_wconf 85' lang='lat' dir='ltr'><strong>consul</strong></span> <span class='ocrx_word' id='word_1_24' title='bbox 2403 698 2652 758; x_wconf 84' lang='lat' dir='ltr'><strong>eandem</strong></span> <span class='ocrx_word' id='word_1_25' title='bbox 2673 720 2824 779; x_wconf 82' lang='lat' dir='ltr'><strong>pro-</strong></span> 
     </span>
     <span class='ocr_line' id='line_1_4' title="bbox 612 780 2822 875; baseline -0.001 -16"><span class='ocrx_word' id='word_1_26' title='bbox 612 800 867 859; x_wconf 83' lang='lat' dir='ltr'><strong>vinciam</strong></span> <span class='ocrx_word' id='word_1_27' title='bbox 911 798 1265 867; x_wconf 73' lang='lat' dir='ltr'><strong>obtinuerat,</strong></span> <span class='ocrx_word' id='word_1_28' title='bbox 1312 805 1395 867; x_wconf 90' lang='lat' dir='ltr'><strong>et,</strong></span> <span class='ocrx_word' id='word_1_29' title='bbox 1443 816 1505 855; x_wconf 88' lang='lat' dir='ltr'><strong>re</strong></span> <span class='ocrx_word' id='word_1_30' title='bbox 1552 795 1706 855; x_wconf 86' lang='lat' dir='ltr'><strong>male</strong></span> <span class='ocrx_word' id='word_1_31' title='bbox 1758 780 1946 873; x_wconf 63' lang='lat' dir='ltr'><strong>gesta]</strong></span> <span class='ocrx_word' id='word_1_32' title='bbox 1981 814 2186 875; x_wconf 85' lang='lat' dir='ltr'><strong>pacem</strong></span> <span class='ocrx_word' id='word_1_33' title='bbox 2240 814 2374 853; x_wconf 88' lang='lat' dir='ltr'><strong>cum</strong></span> <span class='ocrx_word' id='word_1_34' title='bbox 2417 794 2822 857; x_wconf 71' lang='lat' dir='ltr'><strong>Numantinis</strong></span> 
     </span>
     <span class='ocr_line' id='line_1_5' title="bbox 614 888 2814 973; baseline -0.002 -18"><span class='ocrx_word' id='word_1_35' title='bbox 614 897 846 965; x_wconf 86' lang='lat' dir='ltr'><strong>inierat,</strong></span> <span class='ocrx_word' id='word_1_36' title='bbox 880 912 1056 973; x_wconf 90' lang='lat' dir='ltr'><strong>quam</strong></span> <span class='ocrx_word' id='word_1_37' title='bbox 1088 902 1295 973; x_wconf 83' lang='lat' dir='ltr'><strong>postea</strong></span> <span class='ocrx_word' id='word_1_38' title='bbox 1328 912 1365 951; x_wconf 92' lang='lat' dir='ltr'><strong>a</strong></span> <span class='ocrx_word' id='word_1_39' title='bbox 1404 912 1467 951; x_wconf 86' lang='lat' dir='ltr'><strong>se</strong></span> <span class='ocrx_word' id='word_1_40' title='bbox 1492 893 1698 953; x_wconf 85' lang='lat' dir='ltr'><strong>initam</strong></span> <span class='ocrx_word' id='word_1_41' title='bbox 1735 912 1860 951; x_wconf 84' lang='lat' dir='ltr'><strong>esse</strong></span> <span class='ocrx_word' id='word_1_42' title='bbox 1901 891 2159 970; x_wconf 80' lang='lat' dir='ltr'><strong>negavit.</strong></span> <span class='ocrx_word' id='word_1_43' title='bbox 2206 888 2290 950; x_wconf 90' lang='lat' dir='ltr'><strong>V.</strong></span> <span class='ocrx_word' id='word_1_44' title='bbox 2320 891 2584 971; x_wconf 85' lang='lat' dir='ltr'><strong>Appian.</strong></span> <span class='ocrx_word' id='word_1_45' title='bbox 2617 890 2814 972; x_wconf 70' lang='lat' dir='ltr'><strong>Hisp.</strong></span> 
     </span>
     <span class='ocr_line' id='line_1_6' title="bbox 612 987 2818 1069; baseline -0.003 -14"><span class='ocrx_word' id='word_1_46' title='bbox 612 999 712 1056; x_wconf 78' lang='lat'><strong>79.</strong></span> <span class='ocrx_word' id='word_1_47' title='bbox 739 1012 827 1069; x_wconf 82' lang='lat' dir='ltr'><strong>sq.</strong></span> <span class='ocrx_word' id='word_1_48' title='bbox 864 1000 927 1049; x_wconf 86' lang='lat' dir='ltr'><strong>et</strong></span> <span class='ocrx_word' id='word_1_49' title='bbox 954 990 1085 1050; x_wconf 80' lang='lat' dir='ltr'><strong>cic.</strong></span> <span class='ocrx_word' id='word_1_50' title='bbox 1112 988 1189 1049; x_wconf 86' lang='lat' dir='ltr'><strong>de</strong></span> <span class='ocrx_word' id='word_1_51' title='bbox 1218 988 1351 1047; x_wconf 88' lang='lat' dir='ltr'><strong>Fin.</strong></span> <span class='ocrx_word' id='word_1_52' title='bbox 1382 1004 1461 1047; x_wconf 87' lang='lat'><strong>11.</strong></span> <span class='ocrx_word' id='word_1_53' title='bbox 1488 994 1589 1051; x_wconf 82' lang='lat'><strong>17.</strong></span> <span class='ocrx_word' id='word_1_54' title='bbox 1676 987 1780 1048; x_wconf 86' lang='lat' dir='ltr'><strong>Ne</strong></span> <span class='ocrx_word' id='word_1_55' title='bbox 1817 988 2016 1066; x_wconf 74' lang='lat' dir='ltr'><strong>igitur,</strong></span> <span class='ocrx_word' id='word_1_56' title='bbox 2051 1008 2188 1048; x_wconf 90' lang='lat' dir='ltr'><strong>cum</strong></span> <span class='ocrx_word' id='word_1_57' title='bbox 2223 988 2404 1047; x_wconf 83' lang='lat' dir='ltr'><strong>Furio</strong></span> <span class='ocrx_word' id='word_1_58' title='bbox 2427 1008 2550 1053; x_wconf 86' lang='lat' dir='ltr'><strong>cos.</strong></span> <span class='ocrx_word' id='word_1_59' title='bbox 2577 988 2818 1067; x_wconf 67' lang='lat' dir='ltr'><strong>leg-atim</strong></span> 
     </span>
     <span class='ocr_line' id='line_1_7' title="bbox 614 1083 2814 1167; baseline -0.002 -17"><span class='ocrx_word' id='word_1_60' title='bbox 614 1091 671 1150; x_wconf 87' lang='lat' dir='ltr'><strong>in</strong></span> <span class='ocrx_word' id='word_1_61' title='bbox 702 1087 1065 1167; x_wconf 71' lang='lat' dir='ltr'><strong>Hispaniam</strong></span> <span class='ocrx_word' id='word_1_62' title='bbox 1092 1085 1413 1167; x_wconf 86' lang='lat' dir='ltr'><strong>profectus,</strong></span> <span class='ocrx_word' id='word_1_63' title='bbox 1450 1084 1724 1145; x_wconf 82' lang='lat' dir='ltr'><strong>Mancini</strong></span> <span class='ocrx_word' id='word_1_64' title='bbox 1759 1084 2050 1145; x_wconf 85' lang='lat' dir='ltr'><strong>deditioni</strong></span> <span class='ocrx_word' id='word_1_65' title='bbox 2093 1086 2378 1145; x_wconf 73' lang='lat' dir='ltr'><strong>interesse</strong></span> <span class='ocrx_word' id='word_1_66' title='bbox 2415 1083 2680 1155; x_wconf 81' lang='lat' dir='ltr'><strong>deberet,</strong></span> <span class='ocrx_word' id='word_1_67' title='bbox 2725 1096 2814 1159; x_wconf 85' lang='lat' dir='ltr'><strong>et,</strong></span> 
     </span>
     <span class='ocr_line' id='line_1_8' title="bbox 616 1179 2814 1265; baseline 0 -23"><span class='ocrx_word' id='word_1_68' title='bbox 616 1183 925 1265; x_wconf 59' lang='lat' dir='ltr'><strong>praesentia</strong></span> <span class='ocrx_word' id='word_1_69' title='bbox 943 1203 1050 1242; x_wconf 81' lang='lat' dir='ltr'><strong>sua</strong></span> <span class='ocrx_word' id='word_1_70' title='bbox 1068 1201 1305 1264; x_wconf 78' lang='lat' dir='ltr'><strong>nuperae</strong></span> <span class='ocrx_word' id='word_1_71' title='bbox 1328 1180 1552 1241; x_wconf 83' lang='lat' dir='ltr'><strong>fraudis</strong></span> <span class='ocrx_word' id='word_1_72' title='bbox 1573 1201 1644 1241; x_wconf 85' lang='lat' dir='ltr'><strong>ac</strong></span> <span class='ocrx_word' id='word_1_73' title='bbox 1663 1179 1928 1261; x_wconf 80' lang='lat' dir='ltr'><strong>perfidiae</strong></span> <span class='ocrx_word' id='word_1_74' title='bbox 1951 1182 2236 1241; x_wconf 84' lang='lat' dir='ltr'><strong>memoria</strong></span> <span class='ocrx_word' id='word_1_75' title='bbox 2255 1192 2558 1254; x_wconf 81' lang='lat' dir='ltr'><strong>revocata,</strong></span> <span class='ocrx_word' id='word_1_76' title='bbox 2585 1184 2814 1243; x_wconf 81' lang='lat' dir='ltr'><strong>animos</strong></span> 
     </span>
     <span class='ocr_line' id='line_1_9' title="bbox 616 1277 2291 1359; baseline -0.002 -19"><span class='ocrx_word' id='word_1_77' title='bbox 616 1280 1116 1341; x_wconf 85' lang='lat' dir='ltr'><strong>Numantinorum</strong></span> <span class='ocrx_word' id='word_1_78' title='bbox 1142 1278 1415 1351; x_wconf 82' lang='lat' dir='ltr'><strong>irritaret,</strong></span> <span class='ocrx_word' id='word_1_79' title='bbox 1451 1278 1718 1337; x_wconf 83' lang='lat' dir='ltr'><strong>morbum</strong></span> <span class='ocrx_word' id='word_1_80' title='bbox 1746 1297 2028 1337; x_wconf 82' lang='lat' dir='ltr'><strong>excusare</strong></span> <span class='ocrx_word' id='word_1_81' title='bbox 2057 1277 2291 1359; x_wconf 83' lang='lat' dir='ltr'><strong>potuit.’</strong></span> 
     </span>
    </p>
   </div>
   <div class='ocr_carea' id='block_1_3' title="bbox 1508 1518 1940 1567">
    <p class='ocr_par' dir='ltr' id='par_1_3' title="bbox 1508 1518 1940 1567">
     <span class='ocr_line' id='line_1_10' title="bbox 1508 1518 1940 1567; baseline 0 -2"><span class='ocrx_word' id='word_1_82' title='bbox 1508 1518 1721 1567; x_wconf 70' lang='lat' dir='ltr'><strong>mum</strong></span> <span class='ocrx_word' id='word_1_83' title='bbox 1785 1518 1940 1567; x_wconf 70' lang='lat' dir='ltr'>XC!-</span> 
     </span>
    </p>
   </div>
   <div class='ocr_carea' id='block_1_4' title="bbox 612 1652 2810 2340">
    <p class='ocr_par' dir='ltr' id='par_1_4' title="bbox 612 1652 2810 2340">
     <span class='ocr_line' id='line_1_11' title="bbox 699 1652 2809 1737; baseline -0.003 -16"><span class='ocrx_word' id='word_1_84' title='bbox 699 1654 954 1721; x_wconf 84' lang='lat' dir='ltr'><strong>Tamen</strong></span> <span class='ocrx_word' id='word_1_85' title='bbox 986 1652 1366 1737; x_wconf 83' lang='lat' dir='ltr'><strong>insequenti</strong></span> <span class='ocrx_word' id='word_1_86' title='bbox 1395 1652 1552 1737; x_wconf 89' lang='lat' dir='ltr'><strong>ipso</strong></span> <span class='ocrx_word' id='word_1_87' title='bbox 1585 1653 2024 1735; x_wconf 77' lang='lat' dir='ltr'><strong>pervigilante</strong></span> <span class='ocrx_word' id='word_1_88' title='bbox 2055 1652 2286 1717; x_wconf 89' lang='lat' dir='ltr'><strong>eodem</strong></span> <span class='ocrx_word' id='word_1_89' title='bbox 2329 1653 2485 1717; x_wconf 91' lang='lat' dir='ltr'><strong>loco</strong></span> <span class='ocrx_word' id='word_1_90' title='bbox 2515 1652 2648 1717; x_wconf 85' lang='lat' dir='ltr'><strong>alia</strong></span> <span class='ocrx_word' id='word_1_91' title='bbox 2687 1672 2809 1716; x_wconf 85' lang='lat' dir='ltr'><strong>ex-</strong></span> 
     </span>
     <span class='ocr_line' id='line_1_12' title="bbox 622 1753 2810 1839; baseline -0.002 -17"><span class='ocrx_word' id='word_1_92' title='bbox 622 1758 830 1823; x_wconf 83' lang='lat' dir='ltr'><strong>citata</strong></span> <span class='ocrx_word' id='word_1_93' title='bbox 863 1757 1061 1821; x_wconf 88' lang='lat' dir='ltr'><strong>turris</strong></span> <span class='ocrx_word' id='word_1_94' title='bbox 1084 1757 1299 1839; x_wconf 88' lang='lat' dir='ltr'><strong>prima</strong></span> <span class='ocrx_word' id='word_1_95' title='bbox 1327 1755 1479 1819; x_wconf 89' lang='lat' dir='ltr'><strong>luce</strong></span> <span class='ocrx_word' id='word_1_96' title='bbox 1506 1756 1832 1820; x_wconf 83' lang='lat' dir='ltr'><strong>miraculo</strong></span> <span class='ocrx_word' id='word_1_97' title='bbox 1861 1754 2175 1819; x_wconf 86' lang='lat' dir='ltr'><strong>hostibus</strong></span> <span class='ocrx_word' id='word_1_98' title='bbox 2197 1753 2344 1831; x_wconf 82' lang='lat' dir='ltr'><strong>fuit,</strong></span> <span class='ocrx_word' id='word_1_99' title='bbox 2368 1755 2567 1817; x_wconf 88' lang='lat' dir='ltr'><strong>simul</strong></span> <span class='ocrx_word' id='word_1_100' title='bbox 2595 1760 2664 1819; x_wconf 90' lang='lat' dir='ltr'><strong>et</strong></span> <span class='ocrx_word' id='word_1_101' title='bbox 2685 1772 2810 1837; x_wconf 91' lang='lat' dir='ltr'><strong>op·</strong></span> 
     </span>
     <span class='ocr_line' id='line_1_13' title="bbox 623 1854 2809 1941; baseline -0.002 -19"><span class='ocrx_word' id='word_1_102' title='bbox 623 1858 765 1941; x_wconf 91' lang='lat' dir='ltr'><strong>pidi</strong></span> <span class='ocrx_word' id='word_1_103' title='bbox 798 1858 1013 1933; x_wconf 51' lang='lat' dir='ltr'><strong>turri&amp;</strong></span> <span class='ocrx_word' id='word_1_104' title='bbox 1045 1876 1199 1941; x_wconf 81' lang='lat' dir='ltr'><strong>quae</strong></span> <span class='ocrx_word' id='word_1_105' title='bbox 1228 1857 1597 1921; x_wconf 80' lang='lat' dir='ltr'><strong>maximum</strong></span> <span class='ocrx_word' id='word_1_106' title='bbox 1627 1856 2198 1940; x_wconf 84' lang='lat' dir='ltr'><strong>propugnaculum</strong></span> <span class='ocrx_word' id='word_1_107' title='bbox 2225 1854 2469 1933; x_wconf 83' lang='lat' dir='ltr'><strong>fuerat,</strong></span> <span class='ocrx_word' id='word_1_108' title='bbox 2503 1856 2809 1919; x_wconf 84' lang='lat' dir='ltr'><strong>subrutis</strong></span> 
     </span>
     <span class='ocr_line' id='line_1_14' title="bbox 612 1956 2808 2043; baseline -0.003 -17"><span class='ocrx_word' id='word_1_109' title='bbox 612 1960 1085 2039; x_wconf 73' lang='lat' dir='ltr'><strong>fflndamentiS‚</strong></span> <span class='ocrx_word' id='word_1_110' title='bbox 1126 1958 1465 2024; x_wconf 88' lang='lat' dir='ltr'><strong>dehiscere</strong></span> <span class='ocrx_word' id='word_1_111' title='bbox 1512 1960 1893 2043; x_wconf 87' lang='lat' dir='ltr'><strong>ingentibus</strong></span> <span class='ocrx_word' id='word_1_112' title='bbox 1937 1960 2142 2035; x_wconf 87' lang='lat' dir='ltr'><strong>rimis,</strong></span> <span class='ocrx_word' id='word_1_113' title='bbox 2176 1965 2245 2021; x_wconf 90' lang='lat' dir='ltr'><strong>et</strong></span> <span class='ocrx_word' id='word_1_114' title='bbox 2281 1962 2350 2021; x_wconf 89' lang='lat' dir='ltr'><strong>tu</strong></span> <span class='ocrx_word' id='word_1_115' title='bbox 2417 2004 2434 2021; x_wconf 92' lang='lat'><strong>.</strong></span> <span class='ocrx_word' id='word_1_116' title='bbox 2497 1998 2518 2019; x_wconf 86' lang='lat'><strong>.</strong></span> <span class='ocrx_word' id='word_1_117' title='bbox 2561 2002 2578 2017; x_wconf 90' lang='lat'><strong>.</strong></span> <span class='ocrx_word' id='word_1_118' title='bbox 2623 2000 2641 2019; x_wconf 90' lang='lat'><strong>.</strong></span> <span class='ocrx_word' id='word_1_119' title='bbox 2685 1956 2808 2037; x_wconf 85' lang='lat' dir='ltr'><strong>jus</strong></span> 
     </span>
     <span class='ocr_line' id='line_1_15' title="bbox 618 2049 2806 2145; baseline -0.002 -18"><span class='ocrx_word' id='word_1_120' title='bbox 618 2107 636 2127; x_wconf 91' lang='grc'><strong>.</strong></span> <span class='ocrx_word' id='word_1_121' title='bbox 690 2108 707 2124; x_wconf 93' lang='grc'><strong>.</strong></span> <span class='ocrx_word' id='word_1_122' title='bbox 754 2082 863 2125; x_wconf 88' lang='lat' dir='ltr'><strong>um</strong></span> <span class='ocrx_word' id='word_1_123' title='bbox 891 2062 1023 2143; x_wconf 83' lang='lat' dir='ltr'><strong>igni</strong></span> <span class='ocrx_word' id='word_1_124' title='bbox 1058 2062 1307 2145; x_wconf 86' lang='lat' dir='ltr'><strong>coepit:</strong></span> <span class='ocrx_word' id='word_1_125' title='bbox 1354 2062 1776 2145; x_wconf 89' lang='lat' dir='ltr'><strong>incendiique</strong></span> <span class='ocrx_word' id='word_1_126' title='bbox 1805 2060 2006 2125; x_wconf 89' lang='lat' dir='ltr'><strong>simul</strong></span> <span class='ocrx_word' id='word_1_127' title='bbox 2048 2066 2120 2125; x_wconf 90' lang='lat' dir='ltr'><strong>et</strong></span> <span class='ocrx_word' id='word_1_128' title='bbox 2146 2059 2353 2124; x_wconf 80' lang='lat' dir='ltr'><strong>ruinae</strong></span> <span class='ocrx_word' id='word_1_129' title='bbox 2381 2066 2558 2124; x_wconf 88' lang='lat' dir='ltr'><strong>metu</strong></span> <span class='ocrx_word' id='word_1_130' title='bbox 2593 2049 2806 2123; x_wconf 72' lang='lat' dir='ltr'><strong>territi</strong></span> 
     </span>
     <span class='ocr_line' id='line_1_16' title="bbox 616 2158 2801 2246; baseline -0.003 -17"><span class='ocrx_word' id='word_1_131' title='bbox 616 2162 1128 2229; x_wconf 86' lang='lat' dir='ltr'><strong>Contrebienses</strong></span> <span class='ocrx_word' id='word_1_132' title='bbox 1156 2162 1238 2226; x_wconf 90' lang='lat' dir='ltr'><strong>de</strong></span> <span class='ocrx_word' id='word_1_133' title='bbox 1276 2182 1461 2226; x_wconf 89' lang='lat' dir='ltr'><strong>muro</strong></span> <span class='ocrx_word' id='word_1_134' title='bbox 1491 2162 1738 2246; x_wconf 83' lang='lat' dir='ltr'><strong>trepidi</strong></span> <span class='ocrx_word' id='word_1_135' title='bbox 1772 2162 2176 2243; x_wconf 81' lang='lat' dir='ltr'><strong>effugerunt3</strong></span> <span class='ocrx_word' id='word_1_136' title='bbox 2221 2167 2291 2224; x_wconf 89' lang='lat' dir='ltr'><strong>et</strong></span> <span class='ocrx_word' id='word_1_137' title='bbox 2320 2166 2393 2224; x_wconf 92' lang='lat' dir='ltr'><strong>ut</strong></span> <span class='ocrx_word' id='word_1_138' title='bbox 2419 2158 2622 2242; x_wconf 80' lang='lat' dir='ltr'><strong>legati</strong></span> <span class='ocrx_word' id='word_1_139' title='bbox 2650 2161 2801 2222; x_wconf 84' lang='lat' dir='ltr'><strong>mit-</strong></span> 
     </span>
     <span class='ocr_line' id='line_1_17' title="bbox 612 2260 2795 2340; baseline -0.002 -12"><span class='ocrx_word' id='word_1_140' title='bbox 612 2270 907 2328; x_wconf 88' lang='lat' dir='ltr'><strong>terentur</strong></span> <span class='ocrx_word' id='word_1_141' title='bbox 932 2262 1016 2326; x_wconf 85' lang='lat' dir='ltr'><strong>ad</strong></span> <span class='ocrx_word' id='word_1_142' title='bbox 1048 2261 1412 2326; x_wconf 81' lang='lat' dir='ltr'><strong>dedendam</strong></span> <span class='ocrx_word' id='word_1_143' title='bbox 1444 2264 1698 2340; x_wconf 88' lang='lat' dir='ltr'><strong>urbem,</strong></span> <span class='ocrx_word' id='word_1_144' title='bbox 1729 2264 1817 2327; x_wconf 89' lang='lat' dir='ltr'><strong>ab</strong></span> <span class='ocrx_word' id='word_1_145' title='bbox 1847 2263 2158 2327; x_wconf 79' lang='lat' dir='ltr'><strong>universa</strong></span> <span class='ocrx_word' id='word_1_146' title='bbox 2189 2260 2608 2326; x_wconf 89' lang='lat' dir='ltr'><strong>multitudine</strong></span> <span class='ocrx_word' id='word_1_147' title='bbox 2637 2280 2795 2325; x_wconf 87' lang='lat' dir='ltr'><strong>con-</strong></span> 
     </span>
    </p>
   </div>
   <div class='ocr_carea' id='block_1_5' title="bbox 504 2356 2803 2449">
    <p class='ocr_par' dir='ltr' id='par_1_5' title="bbox 504 2356 2803 2449">
     <span class='ocr_line' id='line_1_18' title="bbox 504 2356 2803 2449; baseline -0.002 -18"><span class='ocrx_word' id='word_1_148' title='bbox 504 2356 513 2364; x_wconf 70' lang='grc'><strong><em>’</em></strong></span> <span class='ocrx_word' id='word_1_149' title='bbox 613 2366 977 2431; x_wconf 80' lang='lat' dir='ltr'><strong>clamatum</strong></span> <span class='ocrx_word' id='word_1_150' title='bbox 998 2372 1122 2429; x_wconf 86' lang='lat' dir='ltr'><strong>est.</strong></span> <span class='ocrx_word' id='word_1_151' title='bbox 1188 2362 1444 2429; x_wconf 84' lang='lat' dir='ltr'><strong>Eadem</strong></span> <span class='ocrx_word' id='word_1_152' title='bbox 1475 2366 1706 2443; x_wconf 77' lang='lat' dir='ltr'><strong>virtus,</strong></span> <span class='ocrx_word' id='word_1_153' title='bbox 1727 2384 1882 2449; x_wconf 78' lang='lat' dir='ltr'><strong>quoe</strong></span> <span class='ocrx_word' id='word_1_154' title='bbox 1913 2364 2240 2429; x_wconf 82' lang='lat' dir='ltr'><strong>irritantes</strong></span> <span class='ocrx_word' id='word_1_155' title='bbox 2270 2370 2803 2447; x_wconf 81' lang='lat' dir='ltr'><strong>oppugnaverat,</strong></span> 
     </span>
    </p>
   </div>
   <div class='ocr_carea' id='block_1_6' title="bbox 610 2464 2830 4379">
    <p class='ocr_par' dir='ltr' id='par_1_6' title="bbox 610 2464 2802 3974">
     <span class='ocr_line' id='line_1_19' title="bbox 613 2464 2800 2549; baseline 0 -20"><span class='ocrx_word' id='word_1_156' title='bbox 613 2468 933 2531; x_wconf 81' lang='lat' dir='ltr'><strong>victorem</strong></span> <span class='ocrx_word' id='word_1_157' title='bbox 969 2465 1475 2549; x_wconf 78' lang='lat' dir='ltr'><strong>placabiliorem</strong></span> <span class='ocrx_word' id='word_1_158' title='bbox 1507 2465 1687 2531; x_wconf 82' lang='lat' dir='ltr'><strong>fecit.</strong></span> <span class='ocrx_word' id='word_1_159' title='bbox 1775 2464 2151 2530; x_wconf 89' lang='lat' dir='ltr'><strong>Obsidibus</strong></span> <span class='ocrx_word' id='word_1_160' title='bbox 2168 2465 2466 2548; x_wconf 83' lang='lat' dir='ltr'><strong>acceptis</strong></span> <span class='ocrx_word' id='word_1_161' title='bbox 2489 2465 2800 2548; x_wconf 65' lang='lat' dir='ltr'><strong>pecuniae</strong></span> 
     </span>
     <span class='ocr_line' id='line_1_20' title="bbox 614 2565 2802 2655; baseline -0.002 -22"><span class='ocrx_word' id='word_1_162' title='bbox 614 2569 943 2634; x_wconf 81' lang='lat' dir='ltr'><strong>modicam</strong></span> <span class='ocrx_word' id='word_1_163' title='bbox 986 2568 1213 2649; x_wconf 83' lang='lat' dir='ltr'><strong>exegit</strong></span> <span class='ocrx_word' id='word_1_164' title='bbox 1248 2587 1604 2655; x_wconf 84' lang='lat' dir='ltr'><strong>summam,</strong></span> <span class='ocrx_word' id='word_1_165' title='bbox 1639 2587 1959 2651; x_wconf 88' lang='lat' dir='ltr'><strong>armaque</strong></span> <span class='ocrx_word' id='word_1_166' title='bbox 2000 2568 2224 2649; x_wconf 84' lang='lat' dir='ltr'><strong>omnia</strong></span> <span class='ocrx_word' id='word_1_167' title='bbox 2264 2565 2548 2645; x_wconf 80' lang='lat' dir='ltr'><strong>ademit3</strong></span> <span class='ocrx_word' id='word_1_168' title='bbox 2593 2572 2802 2629; x_wconf 84' lang='lat' dir='ltr'><strong>trans-</strong></span> 
     </span>
     <span class='ocr_line' id='line_1_21' title="bbox 612 2669 2796 2755; baseline -0 -19"><span class='ocrx_word' id='word_1_169' title='bbox 612 2672 811 2752; x_wconf 80' lang='lat' dir='ltr'><strong>fugas</strong></span> <span class='ocrx_word' id='word_1_170' title='bbox 842 2670 1086 2734; x_wconf 88' lang='lat' dir='ltr'><strong>liberos</strong></span> <span class='ocrx_word' id='word_1_171' title='bbox 1118 2670 1313 2733; x_wconf 81' lang='lat' dir='ltr'><strong>vivos</strong></span> <span class='ocrx_word' id='word_1_172' title='bbox 1344 2670 1428 2733; x_wconf 85' lang='lat' dir='ltr'><strong>ad</strong></span> <span class='ocrx_word' id='word_1_173' title='bbox 1456 2690 1531 2734; x_wconf 89' lang='lat' dir='ltr'><strong>se</strong></span> <span class='ocrx_word' id='word_1_174' title='bbox 1556 2670 1801 2735; x_wconf 84' lang='lat' dir='ltr'><strong>adduci</strong></span> <span class='ocrx_word' id='word_1_175' title='bbox 1825 2669 2034 2753; x_wconf 85' lang='lat' dir='ltr'><strong>jussit</strong></span> <span class='ocrx_word' id='word_1_176' title='bbox 2057 2675 2122 2734; x_wconf 88' lang='lat' dir='ltr'><strong>et</strong></span> <span class='ocrx_word' id='word_1_177' title='bbox 2149 2670 2492 2752; x_wconf 60' lang='lat' dir='ltr'><strong>fugitivae,</strong></span> <span class='ocrx_word' id='word_1_178' title='bbox 2513 2691 2796 2755; x_wconf 88' lang='lat' dir='ltr'><strong>quorum</strong></span> 
     </span>
     <span class='ocr_line' id='line_1_22' title="bbox 614 2769 2796 2855; baseline -0.001 -18"><span class='ocrx_word' id='word_1_179' title='bbox 614 2772 824 2855; x_wconf 84' lang='lat' dir='ltr'><strong>major</strong></span> <span class='ocrx_word' id='word_1_180' title='bbox 880 2770 1233 2834; x_wconf 88' lang='lat' dir='ltr'><strong>multitudo</strong></span> <span class='ocrx_word' id='word_1_181' title='bbox 1292 2778 1456 2833; x_wconf 86' lang='lat' dir='ltr'><strong>erat.</strong></span> <span class='ocrx_word' id='word_1_182' title='bbox 1544 2769 1731 2853; x_wconf 88' lang='lat' dir='ltr'><strong>Ipsis</strong></span> <span class='ocrx_word' id='word_1_183' title='bbox 1781 2770 2159 2853; x_wconf 84' lang='lat' dir='ltr'><strong>imperavit,</strong></span> <span class='ocrx_word' id='word_1_184' title='bbox 2209 2779 2287 2835; x_wconf 90' lang='lat' dir='ltr'><strong>ut</strong></span> <span class='ocrx_word' id='word_1_185' title='bbox 2337 2770 2796 2838; x_wconf 83' lang='lat' dir='ltr'><strong>interficerent.</strong></span> 
     </span>
     <span class='ocr_line' id='line_1_23' title="bbox 612 2869 2797 2957; baseline 0 -19"><span class='ocrx_word' id='word_1_186' title='bbox 612 2872 969 2954; x_wconf 82' lang='lat' dir='ltr'><strong>Jugulatos</strong></span> <span class='ocrx_word' id='word_1_187' title='bbox 1015 2870 1101 2935; x_wconf 92' lang='lat' dir='ltr'><strong>de</strong></span> <span class='ocrx_word' id='word_1_188' title='bbox 1136 2890 1320 2935; x_wconf 88' lang='lat' dir='ltr'><strong>muro</strong></span> <span class='ocrx_word' id='word_1_189' title='bbox 1351 2870 1750 2955; x_wconf 84' lang='lat' dir='ltr'><strong>dejecerunt.</strong></span> <span class='ocrx_word' id='word_1_190' title='bbox 1852 2869 2025 2936; x_wconf 87' lang='lat' dir='ltr'><strong>Cum</strong></span> <span class='ocrx_word' id='word_1_191' title='bbox 2057 2892 2297 2954; x_wconf 83' lang='lat' dir='ltr'><strong>magna</strong></span> <span class='ocrx_word' id='word_1_192' title='bbox 2323 2872 2592 2957; x_wconf 83' lang='lat' dir='ltr'><strong>jactura</strong></span> <span class='ocrx_word' id='word_1_193' title='bbox 2626 2874 2797 2939; x_wconf 86' lang='lat' dir='ltr'><strong>mili-</strong></span> 
     </span>
     <span class='ocr_line' id='line_1_24' title="bbox 612 2971 2798 3059; baseline 0.001 -21"><span class='ocrx_word' id='word_1_194' title='bbox 612 2981 748 3039; x_wconf 87' lang='lat' dir='ltr'><strong>tum</strong></span> <span class='ocrx_word' id='word_1_195' title='bbox 793 2980 1080 3058; x_wconf 88' lang='lat' dir='ltr'><strong>quatuor</strong></span> <span class='ocrx_word' id='word_1_196' title='bbox 1124 2980 1192 3037; x_wconf 90' lang='lat' dir='ltr'><strong>et</strong></span> <span class='ocrx_word' id='word_1_197' title='bbox 1238 2971 1684 3057; x_wconf 84' lang='lat' dir='ltr'><strong>quadraginta</strong></span> <span class='ocrx_word' id='word_1_198' title='bbox 1725 2972 1960 3038; x_wconf 89' lang='lat' dir='ltr'><strong>diebus</strong></span> <span class='ocrx_word' id='word_1_199' title='bbox 1993 2972 2356 3040; x_wconf 87' lang='lat' dir='ltr'><strong>Contrebia</strong></span> <span class='ocrx_word' id='word_1_200' title='bbox 2393 2986 2798 3059; x_wconf 83' lang='lat' dir='ltr'><strong>expugnata,</strong></span> 
     </span>
     <span class='ocr_line' id='line_1_25' title="bbox 612 3074 2795 3162; baseline 0.001 -23"><span class='ocrx_word' id='word_1_201' title='bbox 612 3076 980 3159; x_wconf 85' lang='lat' dir='ltr'><strong>relictoque</strong></span> <span class='ocrx_word' id='word_1_202' title='bbox 1025 3075 1123 3138; x_wconf 90' lang='lat' dir='ltr'><strong>ibi</strong></span> <span class='ocrx_word' id='word_1_203' title='bbox 1174 3074 1246 3137; x_wconf 83' lang='lat' dir='ltr'><strong>L.</strong></span> <span class='ocrx_word' id='word_1_204' title='bbox 1294 3074 1569 3139; x_wconf 82' lang='lat' dir='ltr'><strong>Justeio</strong></span> <span class='ocrx_word' id='word_1_205' title='bbox 1621 3126 1636 3141; x_wconf 91' lang='lat'><strong>.</strong></span> <span class='ocrx_word' id='word_1_206' title='bbox 1685 3124 1699 3139; x_wconf 89' lang='lat'>.</span> <span class='ocrx_word' id='word_1_207' title='bbox 1745 3076 1829 3140; x_wconf 85' lang='lat' dir='ltr'><strong>ad</strong></span> <span class='ocrx_word' id='word_1_208' title='bbox 1870 3076 2230 3159; x_wconf 84' lang='lat' dir='ltr'><strong>hybernum</strong></span> <span class='ocrx_word' id='word_1_209' title='bbox 2275 3077 2519 3140; x_wconf 85' lang='lat' dir='ltr'><strong>flumen</strong></span> <span class='ocrx_word' id='word_1_210' title='bbox 2559 3079 2795 3162; x_wconf 89' lang='lat' dir='ltr'><strong>copias</strong></span> 
     </span>
     <span class='ocr_line' id='line_1_26' title="bbox 615 3176 2796 3262; baseline 0.001 -21"><span class='ocrx_word' id='word_1_211' title='bbox 615 3176 923 3241; x_wconf 86' lang='lat' dir='ltr'><strong>adduxit.</strong></span> <span class='ocrx_word' id='word_1_212' title='bbox 1012 3176 1121 3241; x_wconf 88' lang='lat' dir='ltr'><strong>Ibi</strong></span> <span class='ocrx_word' id='word_1_213' title='bbox 1155 3176 1619 3260; x_wconf 84' lang='lat' dir='ltr'><strong>hybernaculis</strong></span> <span class='ocrx_word' id='word_1_214' title='bbox 1651 3178 2010 3242; x_wconf 86' lang='lat' dir='ltr'><strong>secundum</strong></span> <span class='ocrx_word' id='word_1_215' title='bbox 2046 3177 2390 3261; x_wconf 85' lang='lat' dir='ltr'><strong>oppidum,</strong></span> <span class='ocrx_word' id='word_1_216' title='bbox 2421 3178 2599 3262; x_wconf 92' lang='lat' dir='ltr'><strong>quod</strong></span> <span class='ocrx_word' id='word_1_217' title='bbox 2629 3178 2796 3243; x_wconf 87' lang='lat' dir='ltr'><strong>Cas·</strong></span> 
     </span>
     <span class='ocr_line' id='line_1_27' title="bbox 611 3278 2794 3362; baseline 0.001 -21"><span class='ocrx_word' id='word_1_218' title='bbox 611 3284 710 3342; x_wconf 84' lang='lat' dir='ltr'><strong>tra</strong></span> <span class='ocrx_word' id='word_1_219' title='bbox 738 3278 919 3342; x_wconf 84' lang='lat' dir='ltr'><strong>AElia</strong></span> <span class='ocrx_word' id='word_1_220' title='bbox 947 3286 1245 3357; x_wconf 85' lang='lat' dir='ltr'><strong>vocatur,</strong></span> <span class='ocrx_word' id='word_1_221' title='bbox 1278 3278 1655 3356; x_wconf 70' lang='lat' dir='ltr'><strong>aedificatis,</strong></span> <span class='ocrx_word' id='word_1_222' title='bbox 1685 3279 1921 3362; x_wconf 86' lang='lat' dir='ltr'><strong>ipsein</strong></span> <span class='ocrx_word' id='word_1_223' title='bbox 1945 3281 2184 3343; x_wconf 85' lang='lat' dir='ltr'><strong>castris</strong></span> <span class='ocrx_word' id='word_1_224' title='bbox 2212 3280 2555 3360; x_wconf 79' lang='lat' dir='ltr'><strong>manebat3</strong></span> <span class='ocrx_word' id='word_1_225' title='bbox 2595 3281 2794 3346; x_wconf 87' lang='lat' dir='ltr'><strong>inter-</strong></span> 
     </span>
     <span class='ocr_line' id='line_1_28' title="bbox 612 3379 2792 3465; baseline -0 -19"><span class='ocrx_word' id='word_1_226' title='bbox 612 3382 727 3446; x_wconf 89' lang='lat' dir='ltr'><strong>diu</strong></span> <span class='ocrx_word' id='word_1_227' title='bbox 798 3388 1200 3445; x_wconf 82' lang='lat' dir='ltr'><strong>conventum</strong></span> <span class='ocrx_word' id='word_1_228' title='bbox 1258 3380 1589 3444; x_wconf 84' lang='lat' dir='ltr'><strong>sociarum</strong></span> <span class='ocrx_word' id='word_1_229' title='bbox 1657 3381 2032 3444; x_wconf 85' lang='lat' dir='ltr'><strong>civitatium</strong></span> <span class='ocrx_word' id='word_1_230' title='bbox 2092 3382 2158 3443; x_wconf 90' lang='lat' dir='ltr'><strong>in</strong></span> <span class='ocrx_word' id='word_1_231' title='bbox 2217 3379 2477 3463; x_wconf 87' lang='lat' dir='ltr'><strong>oppido</strong></span> <span class='ocrx_word' id='word_1_232' title='bbox 2535 3383 2792 3465; x_wconf 80' lang='lat' dir='ltr'><strong>agebat.</strong></span> 
     </span>
     <span class='ocr_line' id='line_1_29' title="bbox 613 3482 2792 3568; baseline 0 -21"><span class='ocrx_word' id='word_1_233' title='bbox 613 3483 821 3548; x_wconf 78' lang='lat' dir='ltr'><strong>Arma</strong></span> <span class='ocrx_word' id='word_1_234' title='bbox 851 3490 924 3547; x_wconf 92' lang='lat' dir='ltr'><strong>ut</strong></span> <span class='ocrx_word' id='word_1_235' title='bbox 952 3482 1182 3546; x_wconf 85' lang='lat' dir='ltr'><strong>fierent</strong></span> <span class='ocrx_word' id='word_1_236' title='bbox 1211 3501 1332 3564; x_wconf 87' lang='lat' dir='ltr'><strong>pro</strong></span> <span class='ocrx_word' id='word_1_237' title='bbox 1361 3482 1579 3565; x_wconf 87' lang='lat' dir='ltr'><strong>copiis</strong></span> <span class='ocrx_word' id='word_1_238' title='bbox 1610 3483 1934 3567; x_wconf 83' lang='lat' dir='ltr'><strong>cujusque</strong></span> <span class='ocrx_word' id='word_1_239' title='bbox 1979 3482 2232 3566; x_wconf 88' lang='lat' dir='ltr'><strong>populi,</strong></span> <span class='ocrx_word' id='word_1_240' title='bbox 2257 3501 2376 3565; x_wconf 90' lang='lat' dir='ltr'><strong>per</strong></span> <span class='ocrx_word' id='word_1_241' title='bbox 2405 3486 2614 3548; x_wconf 83' lang='lat' dir='ltr'><strong>totam</strong></span> <span class='ocrx_word' id='word_1_242' title='bbox 2644 3504 2792 3568; x_wconf 88' lang='lat' dir='ltr'><strong>pro-</strong></span> 
     </span>
     <span class='ocr_line' id='line_1_30' title="bbox 612 3581 2792 3667; baseline 0.001 -20"><span class='ocrx_word' id='word_1_243' title='bbox 612 3584 902 3649; x_wconf 79' lang='lat' dir='ltr'><strong>vinciam</strong></span> <span class='ocrx_word' id='word_1_244' title='bbox 932 3583 1259 3647; x_wconf 83' lang='lat' dir='ltr'><strong>edixerat.</strong></span> <span class='ocrx_word' id='word_1_245' title='bbox 1333 3581 1596 3658; x_wconf 82' lang='lat' dir='ltr'><strong>Quibus</strong></span> <span class='ocrx_word' id='word_1_246' title='bbox 1625 3584 1942 3667; x_wconf 85' lang='lat' dir='ltr'><strong>inspectis</strong></span> <span class='ocrx_word' id='word_1_247' title='bbox 1961 3583 2198 3647; x_wconf 86' lang='lat' dir='ltr'><strong>referre</strong></span> <span class='ocrx_word' id='word_1_248' title='bbox 2228 3588 2444 3649; x_wconf 84' lang='lat' dir='ltr'><strong>cetera</strong></span> <span class='ocrx_word' id='word_1_249' title='bbox 2467 3605 2649 3650; x_wconf 85' lang='lat' dir='ltr'><strong>arma</strong></span> <span class='ocrx_word' id='word_1_250' title='bbox 2675 3585 2792 3650; x_wconf 87' lang='lat' dir='ltr'><strong>mi·</strong></span> 
     </span>
     <span class='ocr_line' id='line_1_31' title="bbox 610 3684 2801 3770; baseline 0.001 -19"><span class='ocrx_word' id='word_1_251' title='bbox 610 3686 763 3751; x_wconf 86' lang='lat' dir='ltr'><strong>lites</strong></span> <span class='ocrx_word' id='word_1_252' title='bbox 784 3684 1009 3770; x_wconf 88' lang='lat' dir='ltr'><strong>jussit,</strong></span> <span class='ocrx_word' id='word_1_253' title='bbox 1040 3704 1192 3767; x_wconf 79' lang='lat' dir='ltr'><strong>quae</strong></span> <span class='ocrx_word' id='word_1_254' title='bbox 1221 3692 1335 3749; x_wconf 88' lang='lat' dir='ltr'><strong>aut</strong></span> <span class='ocrx_word' id='word_1_255' title='bbox 1364 3684 1714 3749; x_wconf 86' lang='lat' dir='ltr'><strong>itineribus</strong></span> <span class='ocrx_word' id='word_1_256' title='bbox 1742 3686 1994 3749; x_wconf 88' lang='lat' dir='ltr'><strong>crebris</strong></span> <span class='ocrx_word' id='word_1_257' title='bbox 2021 3691 2138 3749; x_wconf 85' lang='lat' dir='ltr'><strong>aut</strong></span> <span class='ocrx_word' id='word_1_258' title='bbox 2165 3704 2343 3769; x_wconf 87' lang='lat' dir='ltr'><strong>oppu</strong></span> <span class='ocrx_word' id='word_1_259' title='bbox 2388 3733 2405 3749; x_wconf 91' lang='lat'><strong>.</strong></span> <span class='ocrx_word' id='word_1_260' title='bbox 2438 3735 2461 3752; x_wconf 84' lang='lat'>.</span> <span class='ocrx_word' id='word_1_261' title='bbox 2508 3732 2525 3748; x_wconf 91' lang='lat'><strong>.</strong></span> <span class='ocrx_word' id='word_1_262' title='bbox 2567 3687 2604 3750; x_wconf 82' lang='lat' dir='ltr'>f</span> <span class='ocrx_word' id='word_1_263' title='bbox 2640 3734 2656 3751; x_wconf 89' lang='lat'><strong>.</strong></span> <span class='ocrx_word' id='word_1_264' title='bbox 2707 3734 2725 3753; x_wconf 91' lang='lat'><strong>.</strong></span> <span class='ocrx_word' id='word_1_265' title='bbox 2784 3738 2801 3754; x_wconf 88' lang='lat'><strong>.</strong></span> 
     </span>
     <span class='ocr_line' id='line_1_32' title="bbox 615 3786 2787 3870; baseline -0.001 -16"><span class='ocrx_word' id='word_1_266' title='bbox 615 3810 701 3854; x_wconf 89' lang='lat' dir='ltr'><strong>an</strong></span> <span class='ocrx_word' id='word_1_267' title='bbox 838 3832 855 3849; x_wconf 90' lang='lat'><strong>.</strong></span> <span class='ocrx_word' id='word_1_268' title='bbox 990 3835 1007 3850; x_wconf 91' lang='lat'><strong>.</strong></span> <span class='ocrx_word' id='word_1_269' title='bbox 1142 3832 1157 3847; x_wconf 91' lang='lat'><strong>.</strong></span> <span class='ocrx_word' id='word_1_270' title='bbox 1294 3833 1311 3850; x_wconf 91' lang='lat'><strong>.</strong></span> <span class='ocrx_word' id='word_1_271' title='bbox 1446 3832 1460 3846; x_wconf 92' lang='lat'><strong>.</strong></span> <span class='ocrx_word' id='word_1_272' title='bbox 1622 3786 1803 3851; x_wconf 88' lang='lat' dir='ltr'><strong>tione</strong></span> <span class='ocrx_word' id='word_1_273' title='bbox 1831 3786 2017 3865; x_wconf 83' lang='lat' dir='ltr'><strong>inita,</strong></span> <span class='ocrx_word' id='word_1_274' title='bbox 2047 3807 2140 3870; x_wconf 90' lang='lat' dir='ltr'><strong>qu</strong></span> <span class='ocrx_word' id='word_1_275' title='bbox 2193 3832 2208 3849; x_wconf 90' lang='lat'><strong>.</strong></span> <span class='ocrx_word' id='word_1_276' title='bbox 2253 3788 2324 3851; x_wconf 87' lang='lat' dir='ltr'><strong>di</strong></span> <span class='ocrx_word' id='word_1_277' title='bbox 2367 3831 2388 3849; x_wconf 87' lang='lat'><strong>.</strong></span> <span class='ocrx_word' id='word_1_278' title='bbox 2433 3789 2580 3853; x_wconf 90' lang='lat' dir='ltr'><strong>culo</strong></span> <span class='ocrx_word' id='word_1_279' title='bbox 2617 3788 2787 3854; x_wconf 89' lang='lat' dir='ltr'><strong>effici</strong></span> 
     </span>
     <span class='ocr_line' id='line_1_33' title="bbox 615 3884 1225 3974; baseline -0.008 -20"><span class='ocrx_word' id='word_1_280' title='bbox 615 3889 859 3974; x_wconf 86' lang='lat' dir='ltr'><strong>possit.</strong></span> <span class='ocrx_word' id='word_1_281' title='bbox 1220 3884 1225 3889; x_wconf 80' lang='grc'><em>’</em></span> 
     </span>
    </p>

    <p class='ocr_par' dir='ltr' id='par_1_7' title="bbox 610 3988 2830 4379">
     <span class='ocr_line' id='line_1_34' title="bbox 700 3988 2830 4075; baseline 0 -19"><span class='ocrx_word' id='word_1_282' title='bbox 700 3992 945 4074; x_wconf 86' lang='lat' dir='ltr'><strong>ltaque</strong></span> <span class='ocrx_word' id='word_1_283' title='bbox 984 4008 1215 4055; x_wconf 88' lang='lat' dir='ltr'><strong>omnes</strong></span> <span class='ocrx_word' id='word_1_284' title='bbox 1259 3988 1453 4052; x_wconf 88' lang='lat' dir='ltr'><strong>simul</strong></span> <span class='ocrx_word' id='word_1_285' title='bbox 1488 3988 1681 4072; x_wconf 86' lang='lat' dir='ltr'><strong>justa</strong></span> <span class='ocrx_word' id='word_1_286' title='bbox 1728 4036 1745 4051; x_wconf 92' lang='lat'><strong>.</strong></span> <span class='ocrx_word' id='word_1_287' title='bbox 1792 4038 1809 4054; x_wconf 88' lang='lat'><strong>.</strong></span> <span class='ocrx_word' id='word_1_288' title='bbox 1853 4010 1918 4053; x_wconf 92' lang='lat' dir='ltr'><strong>m</strong></span> <span class='ocrx_word' id='word_1_289' title='bbox 1967 4037 1982 4052; x_wconf 92' lang='lat'><strong>.</strong></span> <span class='ocrx_word' id='word_1_290' title='bbox 2030 4034 2047 4051; x_wconf 91' lang='lat'><strong>.</strong></span> <span class='ocrx_word' id='word_1_291' title='bbox 2096 4036 2113 4051; x_wconf 92' lang='lat'><strong>.</strong></span> <span class='ocrx_word' id='word_1_292' title='bbox 2160 4036 2177 4052; x_wconf 91' lang='lat'><strong>.</strong></span> <span class='ocrx_word' id='word_1_293' title='bbox 2223 3996 2347 4066; x_wconf 85' lang='lat' dir='ltr'><strong>tur,</strong></span> <span class='ocrx_word' id='word_1_294' title='bbox 2386 4010 2604 4075; x_wconf 89' lang='lat' dir='ltr'><strong>neque</strong></span> <span class='ocrx_word' id='word_1_295' title='bbox 2648 4012 2830 4057; x_wconf 84' lang='lat' dir='ltr'><strong>ma·-</strong></span> 
     </span>
     <span class='ocr_line' id='line_1_35' title="bbox 610 4090 2786 4174; baseline 0.001 -17"><span class='ocrx_word' id='word_1_296' title='bbox 610 4093 777 4157; x_wconf 85' lang='lat' dir='ltr'><strong>teria</strong></span> <span class='ocrx_word' id='word_1_297' title='bbox 820 4090 1211 4165; x_wconf 86' lang='lat' dir='ltr'><strong>artificibus,</strong></span> <span class='ocrx_word' id='word_1_298' title='bbox 1244 4092 1643 4174; x_wconf 77' lang='lat' dir='ltr'><strong>praeparatis</strong></span> <span class='ocrx_word' id='word_1_299' title='bbox 1687 4097 1844 4156; x_wconf 86' lang='lat' dir='ltr'><strong>ante</strong></span> <span class='ocrx_word' id='word_1_300' title='bbox 1881 4091 2192 4154; x_wconf 87' lang='lat' dir='ltr'><strong>omnibus</strong></span> <span class='ocrx_word' id='word_1_301' title='bbox 2240 4137 2257 4153; x_wconf 91' lang='lat'><strong>.</strong></span> <span class='ocrx_word' id='word_1_302' title='bbox 2301 4092 2461 4157; x_wconf 85' lang='lat' dir='ltr'><strong>nixo</strong></span> <span class='ocrx_word' id='word_1_303' title='bbox 2491 4094 2786 4159; x_wconf 87' lang='lat' dir='ltr'><strong>civitium</strong></span> 
     </span>
     <span class='ocr_line' id='line_1_36' title="bbox 614 4173 2786 4289; baseline 0.004 -37"><span class='ocrx_word' id='word_1_304' title='bbox 614 4193 965 4270; x_wconf 80' lang='lat' dir='ltr'><strong>[civitatium</strong></span> <span class='ocrx_word' id='word_1_305' title='bbox 990 4190 1085 4249; x_wconf 81' lang='lat' dir='ltr'><strong>vel</strong></span> <span class='ocrx_word' id='word_1_306' title='bbox 1111 4173 1357 4267; x_wconf 79' lang='lat' dir='ltr'><strong>ci‘vium]</strong></span> <span class='ocrx_word' id='word_1_307' title='bbox 1392 4236 1409 4255; x_wconf 88' lang='lat'><strong>.</strong></span> <span class='ocrx_word' id='word_1_308' title='bbox 1458 4238 1473 4255; x_wconf 91' lang='lat'><strong>.</strong></span> <span class='ocrx_word' id='word_1_309' title='bbox 1505 4192 1665 4269; x_wconf 92' lang='lat' dir='ltr'><strong>idio,</strong></span> <span class='ocrx_word' id='word_1_310' title='bbox 1697 4211 1823 4256; x_wconf 87' lang='lat' dir='ltr'><strong>nec</strong></span> <span class='ocrx_word' id='word_1_311' title='bbox 1855 4212 1979 4256; x_wconf 89' lang='lat' dir='ltr'><strong>suo</strong></span> <span class='ocrx_word' id='word_1_312' title='bbox 2012 4192 2294 4277; x_wconf 89' lang='lat' dir='ltr'><strong>quisque</strong></span> <span class='ocrx_word' id='word_1_313' title='bbox 2325 4194 2513 4289; x_wconf 84' lang='lat' dir='ltr'><strong>operi</strong></span> <span class='ocrx_word' id='word_1_314' title='bbox 2545 4196 2786 4260; x_wconf 79' lang='lat' dir='ltr'><strong>artifex</strong></span> 
     </span>
     <span class='ocr_line' id='line_1_37' title="bbox 610 4296 2786 4379; baseline -0 -19"><span class='ocrx_word' id='word_1_315' title='bbox 610 4296 838 4360; x_wconf 83' lang='lat' dir='ltr'><strong>deerat</strong></span> <span class='ocrx_word' id='word_1_316' title='bbox 969 4339 984 4356; x_wconf 91' lang='lat'><strong>.</strong></span> <span class='ocrx_word' id='word_1_317' title='bbox 1163 4336 1178 4353; x_wconf 86' lang='lat'><strong>.</strong></span> <span class='ocrx_word' id='word_1_318' title='bbox 1356 4334 1372 4351; x_wconf 91' lang='lat'><strong>.</strong></span> <span class='ocrx_word' id='word_1_319' title='bbox 1549 4339 1566 4358; x_wconf 85' lang='lat'><strong>.</strong></span> <span class='ocrx_word' id='word_1_320' title='bbox 1749 4336 1764 4352; x_wconf 90' lang='lat'><strong>.</strong></span> <span class='ocrx_word' id='word_1_321' title='bbox 1941 4335 1959 4354; x_wconf 90' lang='lat'><strong>.</strong></span> <span class='ocrx_word' id='word_1_322' title='bbox 2087 4312 2374 4379; x_wconf 66' lang='lat' dir='ltr'><strong>qumque</strong></span> <span class='ocrx_word' id='word_1_323' title='bbox 2423 4296 2490 4359; x_wconf 94' lang='lat' dir='ltr'><strong>in</strong></span> <span class='ocrx_word' id='word_1_324' title='bbox 2535 4316 2786 4379; x_wconf 82' lang='lat' dir='ltr'><strong>oppug-</strong></span> 
     </span>
    </p>
   </div>
  </div>
 </body>
</html>
