3159 4959
759 865 2603 1065 SUPPLEMENTUM

1332 1162 1611 1231 LIBRI
1678 1158 1999 1229 CXXV.

1259 1412 1342 1486 H
1355 1411 1626 1487 ISTO
1640 1412 1717 1485 R
1736 1412 1849 1484 IA
1867 1410 2027 1486 RU
2045 1408 2142 1484 M

913 1656 1032 1745 T.
1139 1656 1544 1745 LIVII
1646 1648 2425 1741 PATAVINI.

885 2174 942 2227 1.
987 2138 1356 2229 Summus
1388 2164 1558 2225 Bruti
1597 2162 1903 2242 Cassiique
1928 2162 2211 2243 partibus,
2250 2163 2453 2223 statim
2478 2166 2773 2243 apparuit,

883 2283 1060 2343 quam
1087 2261 1444 2323 imbecillum
1464 2262 1543 2321 sit
1560 2263 1711 2320 inter
1736 2260 2020 2331 homines,
2047 2259 2206 2339 quod
2236 2258 2621 2319 firmissimum
2650 2280 2779 2321 esse

883 2358 1187 2429 debuerat,
1229 2357 1553 2427 vinculum,
1598 2356 1746 2417 fides
1784 2366 1848 2415 et
1889 2364 2191 2435 pactorum
2236 2356 2465 2435 religio,
2505 2356 2779 2435 quotiens

884 2455 1150 2533 aspirans
1167 2453 1406 2512 fortuna
1428 2472 1532 2531 spe
1555 2452 1796 2530 majoris
1820 2452 2105 2531 potentia&
2128 2450 2375 2531 cupidos
2404 2460 2465 2511 et
2499 2450 2777 2533 praefero-

882 2568 984 2607 ces
1031 2548 1254 2609 animos
1303 2544 1550 2607 inflavit.
1637 2544 1841 2605 Caesar
1880 2548 2035 2605 enim
2080 2556 2144 2606 et
2184 2545 2485 2607 Antonius
2526 2546 2779 2607 victoria

885 2644 1028 2714 laeti,
1055 2641 1346 2703 sacrificio
1369 2642 1554 2713 facto,
1581 2640 1866 2702 militibus
1890 2642 2267 2715 collaudatis,
2292 2644 2570 2704 continuo
2596 2642 2777 2723 Lepi-

885 2738 1027 2799 dum
1051 2737 1372 2799 excludere
1396 2740 1679 2799 societate
1708 2739 1937 2818 imperii
1962 2738 2332 2813 studuerunt,
2359 2760 2517 2801 nova
2539 2741 2779 2821 provin-

881 2834 1108 2894 ciarum
1134 2835 1402 2894 instituta
1425 2833 1739 2904 divisione,
1768 2834 1855 2893 uti
1888 2833 1965 2895 de
2007 2834 2217 2916 Lepidi
2241 2845 2431 2917 parte,
2458 2836 2559 2915 qui
2588 2834 2779 2897 Pom-

885 2931 1019 3011 peio
1041 2931 1254 2992 favisse
1279 2930 1607 3001 dicebatur,
1637 2930 1943 3011 Hispania
1966 2940 2029 2991 et
2049 2930 2343 2993 Numidia
2362 2930 2613 3003 caesari,
2638 2932 2780 2991 An·

883 3029 1048 3088 tonio
1099 3026 1310 3087 Gallia
1349 3036 1530 3108 atque
1581 3026 1799 3087 Africa
1848 3026 2264 3105 adjicerentur,
2314 3029 2605 3109 siquidem
2650 3030 2777 3109 pati

886 3122 1142 3204 Lepidus
1179 3132 1414 3205 posset:
1455 3124 1548 3184 sin
1579 3144 1722 3184 vero
1749 3123 2083 3201 generosius
2104 3122 2519 3202 indignaretur,
2548 3133 2655 3185 aut
2686 3126 2778 3185 in-

773 3280 778 3285 .
886 3240 1100 3281 nocens
1139 3231 1290 3281 esset
1335 3220 1613 3290 criminis,
1658 3218 1931 3278 Africam
1972 3218 2029 3277 ei
2052 3222 2381 3280 concessuri
2406 3230 2593 3280 erant.
2678 3219 2779 3279 De

595 3722 794 3769 Sueten.

564 3784 642 3833 Au
681 3820 696 3834 .
714 3788 796 3833 13.

563 3802 692 3899 veff.
707 3864 765 3897 11.
780 3850 862 3895 u.

883 3319 1092 3377 ceteris
1133 3316 1422 3377 nihildum
1459 3316 1784 3386 decretum,
1826 3314 2161 3377 Sardiniam
2203 3326 2271 3376 et
2316 3316 2579 3378 Siciliam
2621 3318 2777 3377 obti-

888 3421 1059 3473 nente
1087 3411 1297 3482 Sexto,
1323 3410 1531 3471 ceteris
1565 3410 1879 3490 provinciis
1920 3410 2172 3471 nondum
2216 3414 2466 3492 pacatis,
2494 3422 2559 3473 et
2592 3412 2779 3473 Italia

888 3508 1176 3587 utrimque
1223 3515 1498 3588 excepta,
1545 3526 1727 3585 quam
1762 3526 2127 3567 communem
2164 3508 2379 3569 babere
2416 3514 2687 3590 patriam,
2713 3521 2779 3573 et

888 3622 1022 3681 quae
1047 3601 1334 3673 facerent,
1361 3623 1468 3682 pro
1491 3602 1654 3661 illius
1678 3602 1869 3663 salute
1894 3602 2091 3663 facere
2114 3602 2487 3665 dictitabant.

967 3704 1026 3757 2.
1073 3696 1196 3757 His
1234 3699 1320 3757 ita
1343 3696 1650 3768 ordinatis,
1678 3697 1906 3777 placuit
1940 3697 2275 3759 Antonium
2300 3702 2513 3761 orienti
2536 3722 2775 3783 compo-

887 3792 1080 3853 nendo
1125 3794 1634 3873 transmarinisque
1679 3794 1992 3873 provinciis
2032 3795 2366 3874 impendere
2402 3816 2592 3869 curm,
2634 3818 2777 3878 ope-

563 3914 674 3963 sz,
697 3911 830 3975 Epit.
885 3911 1126 3971 tamque
1151 3889 1315 3961 dare,
1343 3890 1428 3950 uti
1454 3890 1737 3971 promissa
1760 3889 2044 3950 militibus
2058 3893 2313 3971 pecuina
2332 3894 2567 3971 (vicena
2593 3894 2779 3955 millia

591 3978 723 4027 Plut.

566 4043 748 4092 Anton-

566 4106 812 4221 0i¹ss¹3{?”·

891 3996 1218 4047 nummum·
1257 3988 1502 4066 viritim)
1542 3996 1883 4066 cogeretur:
1928 3984 2245 4059 Caesarem,
2289 3998 2525 4071 propter
2549 3991 2777 4051 valetu-

895 4189 976 4297 c:
1004 4184 1182 4235 Vitem
1203 4184 1357 4235 millia
1375 4184 1635 4249 numan]
1662 4184 1865 4235 Maron
1901 4186 2104 4249 argenti
2140 4192 2401 4237 nostrates
2441 4192 2527 4239 78.
2556 4188 2708 4239 uncia
2732 4193 2779 4239 1.

964 4263 1036 4298 ev.
