3159 4959
1216 456 1710 509 nuseium-rii.
2385 444 2560 509 5919

372 601 615 665 mentis
645 598 879 682 erupit,
912 616 1111 682 quam
1140 598 1377 662 consul
1408 598 1477 661 vi
1506 606 1802 681 captam,
1853 599 2202 665 trucidatis
2235 600 2351 684 qui
2381 602 2448 665 in
2479 620 2562 667 ea

372 702 829 777 constiterant,
888 706 1179 764 reservat
1234 700 1321 764 ad
1380 720 1695 783 pugnam.
1793 700 1928 763 Sed
1989 703 2331 784 oppidani,
2381 704 2562 767 sicut

372 802 617 883 quibus
646 820 823 865 curae
856 801 1169 883 pusillum
1216 802 1452 875 inerat,
1500 802 1569 863 in
1615 801 1787 865 diem
1827 800 2110 865 alterum
2159 804 2560 866 umbonibus

370 902 681 965 helluatis
730 920 991 983 paucos
1040 900 1321 983 fugaces
1370 900 1719 977 invadunt,
1765 902 2310 986 elephantemque
2343 904 2560 967 omine

368 1001 622 1067 meliori
670 1011 1039 1086 receptant,
1090 1014 1163 1068 et
1210 1004 1475 1081 Allifas,
1523 1003 1798 1068 Rufium
1831 1004 2170 1087 quondam
2203 1006 2560 1084 vocitatas,

368 1105 455 1167 ab
508 1090 746 1169 d'extro
796 1114 1118 1188 sequente
1170 1105 1509 1169 sinistrum
1564 1106 1864 1189 augurio,
1911 1125 2154 1169 nomen
2206 1107 2563 1189 imponunt

369 1205 846 1365 acffssflg·verba
898 1305 1255 1365 Liv.xx11.
1310 1313 1408 1365 18.
1457 1313 1517 1365 5.
1562 1314 1696 1385 post
1741 1306 1851 1365 illa
1891 1314 1908 1341 ‘
1947 1326 2122 1385 super
2155 1304 2384 1366 Allifas
2429 1306 2560 1368 loco

370 1397 493 1456 alto
529 1418 601 1457 ae
636 1401 861 1461 munito
900 1400 1197 1460 consedit’
1236 1402 1453 1461 inserta
1490 1401 1609 1479 legi
1651 1402 1710 1459 in
1753 1401 1890 1461 cod.
1937 1400 2206 1460 Laudine
2247 1408 2301 1460 1.
2333 1405 2560 1463 monuit

370 1490 642 1553 Hearne.
724 1496 955 1556 Eadem
979 1497 1368 1576 deprehendit
1393 1497 1704 1558 Drakenb.
1731 1499 1790 1557 in
1819 1497 1941 1557 Ms.
1971 1497 2410 1569 Recanatiano,
2443 1499 2548 1559 sed

366 1589 453 1649 sic
478 1592 745 1651 variata.

452 1686 545 1751 Et
572 1690 941 1771 reparando
970 1709 1359 1773 suggressus
1400 1684 1577 1756 haud
1609 1692 1823 1773 magis
1853 1690 2056 1755 Alifae
2116 1692 2360 1756 moenia
2403 1711 2560 1757 cum

364 1788 609 1873 palans
666 1792 1063 1874 perveniens
1128 1812 1217 1857 ex
1278 1792 1535 1876 oppido
1589 1793 1808 1857 bellua
1859 1788 2096 1856 consta
2143 1812 2186 1857 a
2231 1790 2560 1859 Romanis

366 1890 611 1973 erupit,
660 1912 859 1975 qua·
904 1895 1133 1957 consul
1176 1895 1245 1957 vi
1294 1902 1590 1977 captam,
1635 1892 1985 1957 trucidatis
2029 1894 2148 1975 qui
2193 1894 2262 1957 in
2291 1914 2372 1959 ea
2401 1914 2558 1959 con-

363 1992 693 2071 stiterant,
722 2004 1018 2059 reservat
1049 1994 1135 2059 ad
1166 2013 1478 2076 pugnam.
1573 1994 1708 2058 Sed
1741 1994 2084 2077 oppidani,
2139 1995 2318 2060 sicut
2363 1998 2558 2080 queis

363 2114 542 2159 curae
592 2095 909 2178 pusillum
941 2096 1153 2159 inerat
1194 2097 1261 2159 in
1300 2095 1481 2159 diem
1535 2095 1746 2160 altam
1799 2097 2199 2161 umbonibus
2245 2097 2556 2163 bonuaria

360 2214 623 2279 paucos
666 2195 943 2279 fugaces
974 2197 1319 2273 invadunt,
1366 2198 1912 2281 elephantemque
1957 2198 2298 2263 meliorem
2329 2218 2558 2284 recep-

364 2303 530 2361 tant.
620 2296 707 2363 Et
756 2298 978 2363 Alifas
1033 2294 1339 2363 Rufrium
1389 2300 1732 2384 quondam
1784 2300 2118 2364 vocitatas
2175 2302 2264 2365 ab
2314 2301 2556 2367 dextro

363 2406 681 2480 sequente
708 2401 1191 2465 sinisteriorum
1222 2402 1505 2482 augurio
1536 2420 1776 2465 nomen
1807 2401 2164 2482 imponunt
2193 2402 2466 2466 accolae.

443 2496 859 2575 Fragmentum
882 2496 995 2559 hoe
1023 2500 1281 2579 spurium
1317 2520 1442 2559 esse
1476 2500 1800 2559 censebant
1835 2498 2052 2580 Cuper.
2089 2500 2166 2560 de
2203 2500 2558 2581 Elephantis

361 2591 421 2651 in
448 2592 733 2654 Numinis
759 2616 814 2654 c.
838 2603 901 2655 4.
946 2590 1217 2667 Hearne,
1248 2597 1558 2657 Drakenb.
1591 2595 1818 2655 Stroth.
1844 2604 1907 2655 et
1929 2596 2068 2655 alii:
2109 2596 2216 2657 sed
2239 2598 2558 2675 genuinum

359 2683 644 2748 Dodwell
692 2690 751 2749 in
791 2690 1071 2771 singulari
1112 2690 1337 2751 dissert.
1382 2712 1518 2772 quae
1550 2692 1732 2751 etiam
1774 2693 1830 2751 in
1869 2690 2014 2751 edit.
2058 2692 2214 2753 Livii
2242 2692 2558 2753 Drakenb-

359 2794 403 2844 t.
456 2800 584 2845 vn.
624 2808 682 2867 p.
723 2794 861 2849 182.
916 2810 1003 2869 sq.
1052 2790 1355 2869 reperitur.
1443 2788 1518 2847 In
1562 2808 1637 2847 ea
1681 2789 1985 2869 explicare
2030 2788 2269 2868 quidem
2311 2798 2560 2851 conatur

356 2882 767 2942 obscurissima
791 2883 921 2943 haee
948 2886 1167 2953 verba;
1209 2886 1314 2945 sed
1352 2886 1555 2945 multis
1593 2886 1858 2955 tentatis,
1887 2885 2126 2945 tandem
2153 2884 2458 2967 profitetur
2492 2906 2555 2947 se

354 2980 567 3047 vereri,
613 2998 689 3037 ne
726 2996 965 3058 operam
1004 2978 1231 3050 luserit,
1268 2988 1332 3039 et
1367 2999 1487 3038 non
1524 2979 1716 3059 ipsum
1755 2980 1904 3041 forte
1941 2981 2196 3051 Livium,
2228 2982 2332 3041 sed
2357 2980 2553 3042 AEthi-

356 3090 531 3152 opem
558 3067 794 3132 lavarit.

350 3238 359 3246 ‚
440 3169 524 3234 Τ.
559 3168 793 3233 Livius
824 3178 959 3234 tam
992 3168 1261 3254 iniquus
1294 3168 1616 3238 Sallustio
1648 3172 1798 3248 fuit,
1839 3180 1916 3235 ut
1945 3174 2118 3238 lianc
2151 3174 2369 3257 ipsam
2402 3195 2552 3240 sen-

352 3262 652 3348 stentiam,
708 3263 831 3334 Res
869 3270 1141 3335 secundae
1177 3271 1330 3336 mire
1373 3284 1518 3337 sunt
1560 3272 1730 3335 vitiis
1775 3270 2072 3349 obtentui,
2117 3282 2186 3337 et
2229 3283 2550 3357 tanquam

356 3371 772 3448 translatam,
816 3381 890 3437 et
936 3384 1253 3455 tauquam
1290 3380 1674 3457 corruptam
1731 3372 1883 3437 dum
1925 3373 2331 3451 transfertur,
2381 3375 2553 3458 obji-

354 3483 534 3538 ceret
564 3474 917 3539 Sallustio.
1008 3474 1078 3539 N
1081 3494 1157 3539 ec
1188 3476 1315 3541 hoc
1347 3497 1569 3541 amore
1603 3474 2018 3559 Thucydidis
2045 3473 2230 3555 facit,
2261 3476 2549 3541 utillum

354 3576 684 3656 praeferat.
776 3576 1057 3655 laudat,
1084 3592 1283 3660 quem
1316 3598 1443 3643 non
1486 3580 1698 3649 timet,
1727 3584 1798 3641 et
1825 3576 2090 3641 facilius
2119 3584 2312 3659 putat
2349 3593 2550 3661 posse

354 3691 397 3739 a
426 3692 499 3738 se
522 3674 917 3741 Sallustium
948 3680 1148 3757 vinci,
1182 3682 1243 3745 si
1272 3688 1428 3746 ante
1456 3700 1500 3745 a
1518 3676 1914 3763 Thucydide
1942 3679 2266 3743 vincatur.

432 3772 668 3835 Seneca
696 3775 977 3838 Controv.
1006 3794 1205 3839 xxlv.

434 3868 518 3935 Τ.
552 3868 789 3937 Livius
841 3874 924 3937 de
969 3876 1369 3953 oratoribus,
1418 3877 1533 3958 qui
1582 3877 1790 3939 verba
1835 3877 2110 3959 antiqua
2156 3880 2223 3939 et
2275 3873 2545 3941 sordida

349 3982 847 4050 consectantur,
879 3982 945 4041 et
968 3978 1290 4042 orationis
1321 3978 1802 4042 obscuritatem
1831 3978 2254 4041 severitatem
2282 3984 2546 4059 putant,

348 4077 595 4154 aiebat,
628 4075 1007 4142 Miltiadem
1037 4078 1365 4145 rhetorem
1396 4079 1741 4161 eleganter
1759 4076 2168 4142 dixisse'Eoei
2198 4082 2286 4163 τῷ
2307 4078 2544 4156 πλησίον

346 4176 664 4257 μαίνονται.

429 4276 659 4341 Seneca
689 4278 971 4340 controv.
1004 4294 1169 4342 xxv·
