3159 4959
562 429 737 498 574⁴
1515 445 1583 492 τ.
1635 443 1827 492 mvn

890 596 1247 650 morerentur
1272 588 1512 648 nomina
1535 585 1833 646 dantibus.
1893 583 1988 643 At
2005 581 2100 642 hic
2123 591 2328 663 torpor
2351 572 2510 643 nova
2529 562 2776 642 subinde

888 682 1231 743 blandiente
1254 671 1361 762 'spe
1386 700 1670 742 excussus
1693 689 1800 740 est.

564 797 680 846 Dio.
974 785 1073 838 32.
1120 777 1287 838 Inter
1310 769 1706 837 defectionem
1737 775 1862 834 fere
1895 775 2154 834 omnium
2193 774 2296 851 qui
2327 791 2434 854 per
2461 773 2782 833 amicitiam

895 873 1149 933 Antonii
1198 872 1610 952 Cleopatraeve
1653 877 1982 938 creverant,
2029 869 2388 945 gladiatores
2428 866 2785 928 destinatum

894 967 1678 1048 voluptati·spectaculorum
1705 963 2044 1042 sanguinem
2071 964 2149 1024 ad
2185 959 2350 1024 usum
2378 963 2520 1022 belli
2555 964 2785 1023 obtule-

894 1075 1046 1124 runt.
1130 1064 1345 1144 Cyzici
1372 1062 1705 1131 discebant,
1733 1060 1812 1120 ad
1832 1060 2001 1119 ludos
2025 1059 2433 1139 triumphales,
2453 1061 2502 1118 si
2527 1061 2792 1120 vinceret

897 1159 1223 1226 Antonius,
1248 1159 1582 1239 praeparati.
1669 1156 1790 1216 Sed
1811 1158 1940 1233 ejus
1963 1156 2306 1214 calamitate
2321 1156 2583 1230 cognita,
2609 1175 2789 1214 manu

894 1255 1060 1315 facta
1113 1255 1439 1334 AEgyptum
1490 1262 1690 1332 petere
1739 1251 2131 1321 instituerunt,
2187 1269 2357 1329 opem
2403 1249 2573 1310 fomis
2615 1253 2792 1310 rebus

898 1343 1157 1413 allaturi.
1244 1352 1371 1410 Per
1402 1353 1604 1410 omnia
1637 1351 1858 1410 circum
1891 1348 2148 1416 hostilia,
2177 1349 2342 1424 (narn
2379 1359 2442 1408 et
2465 1347 2788 1427 Amyntas,

898 1458 962 1508 et
1002 1447 1446 1509 Tarcondimoti
1493 1447 1687 1516 liberi,
1729 1467 1880 1525 quos
1919 1464 1996 1503 ex
2046 1443 2536 1522 conjunctissimis
2589 1445 2794 1504 amicis

901 1547 1305 1605 acerbissimos
1322 1545 1517 1604 hostes
1544 1543 1814 1604 Antonio
1839 1551 1900 1600 et
1925 1540 2262 1620 Cleopatrae
2289 1540 2522 1600 fortuna
2543 1540 2790 1612 fecerat,

899 1649 1266 1701 transeuntes
1302 1629 1750 1748 infestayerunt)
1777 1647 1976 1696 tamen
2003 1657 2118 1699 non
2147 1637 2271 1696 sine
2297 1637 2550 1698 hostium
2573 1636 2792 1698 damno

900 1725 1148 1814 repulsis
1184 1723 1476 1804 omnibus,
1514 1734 1573 1792 in
1619 1733 1854 1812 Syriam
1884 1733 2030 1792 enisi
2065 1741 2221 1792 sunt.
2307 1730 2404 1790 Ibi
2443 1732 2660 1793 Didius
2691 1753 2794 1793 eos

900 1831 1161 1922 excepit,
1184 1830 1500 1888 intercluso
1518 1829 1764 1908 AEgypti
1791 1829 1956 1888 aditu
1985 1847 2150 1887 arma
2173 1827 2348 1886 simul
2371 1829 2792 1907 pertinacibus,

900 1934 965 1984 et
988 1926 1232 2005 praemia
1256 1925 1588 1984 transituris
1611 1913 1938 1984 ostentans.
2021 1921 2126 1982 Illi
2154 1941 2343 2001 neque
2368 1923 2540 1982 minis
2563 1924 2796 2003 perlici,

904 2041 1013 2112 nec
1040 2021 1337 2100 promissis
1372 2021 1551 2099 passi,
1583 2018 1854 2081 Antonio
1895 2016 2402 2096 ”significandum
2435 2028 2666 2090 curant,
2709 2021 2796 2078 ‘si

906 2117 1108 2175 venire
1144 2135 1217 2174 eo
1242 2115 1525 2195 placeret,
1552 2112 1716 2174 haud
1739 2112 2150 2172 difficillimum
2175 2115 2508 2192 conjunctis
2533 2116 2590 2172 in
2619 2113 2798 2194 Syria

907 2199 1129 2270 bellum
1156 2210 1325 2270 fore?
1408 2209 1531 2270 Diu
1560 2208 1886 2289 praestolati
1913 2226 2274 2288 responsum,
2303 2227 2436 2266 cum
2463 2228 2572 2270 nec
2598 2209 2798 2270 Anto-

910 2309 1064 2376 nius,
1110 2325 1221 2365 nec
1266 2307 1343 2364 ab
1382 2325 1455 2364 eo
1500 2306 1814 2384 quisquam
1855 2312 2244 2382 compareret,
2290 2297 2506 2382 perisse
2540 2305 2675 2375 rati,
2711 2305 2796 2365 sic

911 2421 1147 2481 quoque
1172 2411 1480 2460 contanter
1506 2401 1692 2460 Didio
1719 2421 1782 2460 se
1816 2402 2228 2481 permiserunt3
2273 2400 2456 2479 pacti,
2499 2411 2518 2435 ‘
2541 2421 2615 2460 ne
2641 2411 2798 2480 post-

914 2497 1153 2556 modum
1178 2499 1237 2556 in
1280 2516 1465 2556 arena
1500 2504 1848 2576 pugnarent,
1876 2505 2077 2573 atque,
2102 2494 2246 2556 dum
2269 2495 2354 2554 eis
2375 2493 2452 2554 de
2479 2497 2652 2556 rebus
2673 2493 2798 2557 ce'r-

914 2594 1029 2652 tior
1062 2591 1231 2652 fieret
1273 2592 1499 2663 Caesar,
1548 2591 1804 2672 Daphne
1825 2592 1843 2620 ’
1885 2592 2256 2668 (suburbium
2297 2601 2391 2651 est
2431 2592 2798 2670 Antiochiae)

916 2699 933 2724 ‘
956 2689 1033 2748 ad
1073 2689 1457 2747 habitandum
1494 2689 1606 2746 sibi
1643 2685 2104 2748 concederetur.²
2187 2685 2309 2746 Sed
2351 2689 2412 2747 hi
2444 2688 2658 2748 deinde
2693 2689 2798 2749 de·

915 2785 1073 2862 cepti
1108 2803 1147 2841 a
1173 2773 1425 2841 Valerio
1464 2781 1770 2851 Messalla,
1801 2801 1934 2841 cum
1965 2803 2028 2841 se
2069 2791 2344 2863 putarent
2373 2785 2686 2844 militatum
2721 2785 2799 2844 ad

916 2879 1177 2955 legiones
1200 2878 1377 2948 mitti,
1402 2877 1648 2958 dispersi
1673 2877 1858 2948 varie,
1886 2887 2068 2957 atque
2103 2897 2207 2957 per
2229 2880 2598 2940 occasionem
2625 2883 2801 2940 inter-

919 2973 1060 3033 fecti
1087 2983 1239 3033 sunt.

1002 3075 1098 3128 38.
1142 3069 1463 3138 Antonius,
1490 3089 1563 3127 ne
1591 3069 1649 3128 in
1673 3067 1905 3148 Syriam
1923 3071 2057 3141 iret,
2077 3071 2252 3130 sicuti
2267 3069 2666 3142 constituerat,
2685 3066 2804 3131 alia

920 3175 1193 3246 suscepta
1214 3165 1594 3245 expeditione
1629 3165 2004 3246 praepeditus,
2032 3175 2094 3225 et
2117 3166 2254 3225 illos
2283 3165 2561 3245 perdidit,
2589 3187 2697 3228 nec
2725 3169 2803 3228 ad

602 3279 743 3328 οπο..
924 3262 1327 3321 Paraetonium
1372 3261 1488 3322 fuit
1524 3261 1773 3321 felicior.
1857 3261 1952 3319 Ea
1989 3263 2176 3341 prima
2199 3261 2448 3341 AEgypti
2471 3263 2683 3322 civitas
2703 3285 2806 3323 oc·

924 3360 1107 3417 currit
1156 3378 1193 3417 a
1234 3357 1570 3436 Cyrenaica
1611 3357 1998 3428 venientibus,
2049 3378 2169 3437 quo
2208 3377 2272 3417 se
2307 3377 2444 3418 cum
2485 3358 2808 3436 legionibus

926 3449 1157 3513 Pinarii
1206 3451 1522 3511 contulisse
1560 3451 1906 3512 Cornelium
1954 3453 2202 3514 Gallum
2241 3453 2528 3514 audierat.
2609 3453 2808 3516 Ratun

928 3549 1103 3624 igitur
1126 3567 1259 3605 suos
1292 3545 1471 3605 modo
1496 3546 1735 3617 milites,
1763 3548 1841 3608 ad
1875 3559 2252 3629 conspectum
2291 3551 2416 3610 noti
2446 3551 2810 3632 imperatoris

928 3660 1141 3700 novum
1176 3649 1602 3700 sacramentum
1629 3644 1983 3721 abjecturus,
2011 3646 2324 3724 praesertim
2353 3647 2456 3704 ubi
2475 3645 2688 3706 validis
2713 3649 2806 3706 in-

924 3745 1205 3796 structum
1235 3735 1456 3795 viribus
1486 3735 1790 3807 vidissent,
1819 3739 2094 3818 opinione
2125 3760 2234 3801 sua
2257 3739 2589 3802 difficiliora
2609 3745 2808 3802 omnia

926 3833 1167 3893 invenit.
1250 3831 1535 3911 colloqui
1558 3833 1716 3892 enim
1737 3835 2000 3912 cupiens,
2027 3837 2498 3915 obstrepentibus
2521 3837 2680 3896 tubis
2699 3859 2806 3898 ex-

926 3927 1113 3988 audiri
1152 3947 1269 3988 non
1303 3929 1529 4008 potuitt
1568 3939 1634 3988 et
1671 3929 1984 4008 improvisa
2015 3931 2264 3990 hostium
2299 3933 2608 4010 eruptione
2628 3932 2809 3994 ‹letri-

928 4035 1183 4084 mentum
1226 4025 1495 4104 accepit:
1536 4034 1602 4083 et
1633 4025 1882 4085 eumad
1911 4026 2318 4086 Paraetonium
2354 4030 2672 4089 victoribus
2695 4029 2808 4092 'de-

927 4118 1115 4180 ditum
1138 4121 1382 4180 classem
1408 4121 1772 4192 admoveret,
1801 4131 1926 4182 arte
1947 4121 2118 4182 Galli
2143 4125 2448 4204 superatus
2469 4135 2578 4186 est.

1008 4223 1107 4276 34.
1152 4216 1291 4286 Ille,
1346 4219 1577 4296 proviso
1618 4219 1872 4280 Antonii
1915 4219 2180 4293 consilio,
2221 4222 2449 4281 catenis
2485 4233 2666 4284 noctu
2705 4245 2814 4306 per
