3159 4959
858 466 1061 514 mum
1112 465 1453 514 CXXXIV.
1498 464 2146 515 summssmm'ruu.

390 606 596 667 credes
620 616 909 687 quotquot
932 606 1235 687 sapientiae
1270 607 1527 666 studium
1568 605 1933 687 profitentur,
1963 606 2278 666 multorum

389 724 545 783 saepe
571 702 857 763 melorum
882 712 945 762 et
971 703 1215 782 privatis
1236 712 1299 763 et
1320 702 1666 763 civitatibus
1689 712 1974 763 auctores.

470 806 571 858 65.
613 808 631 834 ‘
660 798 955 859 Externos
979 797 1138 877 quod
1175 798 1409 868 attinet,
1436 799 1602 878 pacis
1623 808 1684 858 te
1703 797 2139 877 cupidissimum
2155 816 2280 857 esse

387 894 549 962 volo,
602 904 1057 973 contentumque
1098 894 1505 974 presentibus,
1560 893 1666 952 sed
1705 895 1956 953 eundem
2001 892 2076 953 ad
2119 892 2282 953 bella

386 992 837 1070 paratissimum.
924 989 1029 1049 Ite,
1063 1010 1253 1069 neque
1286 998 1506 1049 temere
1530 989 1642 1048 tibi
1678 990 1986 1069 quisquam
2014 990 2169 1051 ausit
2189 991 2280 1047 in-

385 1086 533 1147 ferre
573 1088 889 1167 injuriam:
932 1098 993 1146 et
1034 1086 1378 1147 inferentem
1417 1090 1540 1146 sine
1580 1087 1854 1146 molestie
1881 1096 1987 1147 tus.
2023 1094 2084 1145 et
2119 1103 2282 1147 mora

389 1181 702 1243 ulcisceris.
786 1182 881 1243 At
904 1184 1185 1262 quonism
1208 1183 1427 1243 bebere
1462 1183 1573 1242 tibi
1602 1202 1902 1243 necessum
1927 1191 2019 1242 est
2041 1182 2278 1242 emisse·

385 1281 501 1339 rios
536 1288 719 1359 atque
760 1280 985 1339 indices
1018 1281 1303 1350 omnium,
1342 1299 1477 1359 quoe
1512 1280 1639 1339 ulls
1664 1280 1723 1338 in
1749 1288 1914 1359 perte
1940 1280 2168 1358 imperii
2195 1281 2282 1337 tui

386 1376 707 1435 remedium
762 1375 1083 1456 postulant,
1126 1395 1201 1434 ne
1254 1375 1521 1453 ignorate.
1564 1374 1956 1454 neglectaque
2001 1375 2282 1435 damnum

386 1469 530 1529 dent
556 1482 663 1531 sut
686 1472 1019 1551 accipiunt3
1064 1470 1152 1529 his
1178 1490 1293 1531 non
1320 1490 1445 1530 esse
1468 1470 1770 1531 credenda
1799 1472 1999 1531 onnia
2025 1490 2282 1529 memen-

386 1573 466 1624 to.
536 1567 733 1639 Odiis,
759 1566 1057 1637 amicitiis,
1084 1567 1294 1645 gratis,
1322 1568 1598 1647 pecunie,
1625 1576 1750 1637 aut,
1771 1568 1821 1626 si
1846 1574 2130 1645 negentur
2155 1566 2284 1625 hoec

385 1664 742 1743 petentibus,
766 1662 1018 1733 offensa,
1046 1680 1205 1743 saepe
1234 1663 1573 1722 innocentes
1595 1661 1885 1732 deserent,
1911 1670 2016 1721 eut
2033 1660 2284 1741 indignis

384 1759 926 1839 patrocinabuntur.
1008 1758 1319 1818 Adversus
1368 1760 1573 1818 horum
1615 1758 1858 1818 insidias
1903 1758 2128 1817 nullum
2169 1759 2284 1816 erit

383 1857 564 1917 telum
590 1856 931 1916 contatione
966 1854 1187 1915 utilius.
1256 1854 1423 1914 Nam
1448 1856 1628 1915 etiam
1657 1875 1802 1915 vers
1825 1853 1991 1914 tarde
2017 1854 2282 1913 credenti

385 1950 609 2012 nullum
636 1954 859 2030 insigne
894 1950 1307 2011 detrimentum
1346 1953 1612 2011 eveniet:
1655 1951 2054 2020 festinantem,
2082 1968 2158 2009 ea
2189 1948 2280 2008 ss-

382 2068 513 2108 cere
540 2048 859 2125 continget,
896 2049 1113 2126 quibus
1144 2046 1379 2116 deinde,
1421 2046 1802 2126 quantumvis
1832 2054 2020 2125 optes,
2059 2044 2282 2104 mederi

384 2166 660 2226 nequeas.

463 2250 563 2302 66.
609 2251 626 2277 ‘
655 2240 727 2300 In
756 2243 942 2321 pretio
958 2240 1235 2322 equidem
1260 2240 1421 2321 apud
1448 2250 1509 2300 te
1534 2258 1661 2299 em
1680 2239 2020 2299 libertorum
2047 2248 2278 2300 tuorum

381 2348 827 2416 ceterorumque
856 2336 1302 2397 domesticorum
1328 2337 1642 2416 optimum,
1672 2344 1736 2395 et
1761 2335 1872 2405 fas,
1897 2344 1962 2394 et
1978 2356 2126 2415 epus
2148 2344 2274 2404 est:

381 2454 571 2513 eaque
598 2454 690 2493 res
724 2434 830 2493 tibi
858 2454 993 2494 cum
1019 2433 1275 2503 ornatui,
1310 2442 1435 2492 tum
1462 2432 1855 2491 emolumento
1882 2432 2013 2490 erit.
2097 2430 2276 2491 Cete-

382 2549 511 2587 rum
540 2530 757 2587 nemini
777 2538 899 2589 tam
928 2530 1249 2609 praegrsvis
1272 2530 1541 2609 potentis
1556 2536 1706 2595 esto,
1723 2537 1790 2585 ut
1814 2546 1916 2607 per
1941 2530 2072 2605 ejus
2093 2526 2278 2586 licen-

380 2626 526 2684 tiam
564 2634 669 2684 aut
713 2624 1003 2684 luxuriem
1058 2634 1123 2683 tu
1170 2625 1714 2705 reprehensionibus
1759 2624 2050 2683 obnoxius
2089 2624 2274 2684 vives.

382 2721 666 2781 Omnium
712 2722 892 2792 enim,
934 2740 1070 2802 quae
1108 2721 1200 2780 illi
1237 2721 1507 2792 fecerint,
1546 2741 1726 2801 penes
1765 2730 1824 2779 te
1861 2729 1964 2778 sut
2002 2720 2134 2779 laus
2165 2730 2278 2781 tut

379 2818 559 2897 culpe,
609 2817 924 2878 residebit:
975 2818 1135 2897 quod
1186 2818 1332 2877 nihil
1385 2818 1463 2876 ab
1506 2818 1597 2876 liis
1639 2816 1766 2875 fieri
1811 2817 2272 2887 existimabitur,

377 2934 555 2992 quem
584 2912 741 2991 quod
776 2914 883 2972 tibi
922 2914 1155 2993 probari
1184 2913 1602 2973 intellexerint.
1685 2912 2138 2971 Potentissimos
2164 2914 2271 2990 igi-

379 3017 475 3067 tur
498 3026 723 3076 eorum,
750 3026 941 3086 neque
967 3008 1239 3086 injuriam
1268 3008 1463 3067 facere
1498 3009 1800 3086 cuiquem,
1828 3026 2020 3085 neque
2043 3006 2272 3067 celum·

378 3105 561 3171 niam,
588 3104 749 3161 sine:
792 3122 865 3161 sc
890 3122 993 3160 eos
1016 3099 1129 3161 boc
1162 3104 1341 3161 etiem
1378 3102 1618 3162 crimine
1650 3102 1859 3172 libere,
1899 3122 1996 3173 ne,
2037 3104 2272 3163 tametsi

377 3219 493 3258 non
520 3207 794 3267 noceant,
824 3216 1029 3257 nocere
1065 3206 1261 3256 nmen
1302 3218 1469 3277 posse
1507 3198 1934 3257 existimentur.
2015 3197 2272 3256 Tenuio-

377 3314 505 3354 rum
546 3296 789 3371 injurias
821 3295 1065 3353 summis
1088 3294 1312 3352 viribus
1340 3293 1592 3353 defende
1617 3313 1632 3351 ε
1675 3291 1930 3371 querelis
1951 3300 2148 3351 temen
2173 3313 2275 3352 eo·

378 3410 503 3449 rum
530 3388 705 3449 fidem
743 3390 1021 3449 adbibere
1058 3408 1135 3448 ne
1174 3406 1441 3469 propere,
1478 3388 1583 3447 sed
1618 3406 1737 3447 rem
1777 3388 1964 3467 ipsam
1989 3388 2274 3448 attentius

373 3496 654 3555 scrutare,
702 3506 892 3565 neque
933 3486 1364 3565 suspicionibus
1410 3484 1718 3563 indulgens
1757 3484 1815 3542 in
1859 3484 2268 3563 potentiorem,

378 3601 567 3660 neque
608 3584 666 3641 in
709 3581 989 3641 humilem
1022 3582 1458 3641 misericordiae.
1544 3580 1644 3640 Ex
1671 3580 1830 3639 omni
1857 3589 2054 3639 autem
2079 3580 2268 3641 homi·

380 3694 519 3733 num
545 3696 753 3753 genere
780 3679 937 3736 bono
966 3685 1143 3755 etque
1171 3675 1303 3736 utili
1342 3677 1503 3756 operi
1536 3675 1792 3743 intentos
1815 3676 2070 3735 honora:
2113 3678 2268 3735 iner-

375 3780 486 3840 tes,
516 3780 620 3831 eut
643 3792 888 3852 pravam
916 3771 1259 3831 industriam
1281 3781 1623 3831 exercentes
1645 3772 1784 3831 edio
1809 3771 1981 3830 habe.
2066 3770 2172 3829 Sic
2189 3772 2270 3830 cd

374 3868 484 3928 ills
508 3870 751 3949 praemio
771 3870 1027 3939 invitati,
1052 3869 1131 3927 ab
1150 3867 1249 3927 his
1276 3887 1449 3947 poens,
1470 3867 1757 3937 deterriti,
1783 3876 1845 3926 et
1867 3886 1990 3925 rem
2015 3866 2268 3926 familie-

376 3984 497 4023 rem
522 3966 813 4026 curabunt
838 3963 1071 4033 melius,
1096 3973 1159 4023 et
1182 3965 1293 4023 tibi
1320 3962 1570 4044 publicis
1595 3964 1652 4021 in
1685 3963 2130 4023 necessitatibus
2151 3966 2268 4023 uti-

374 4058 551 4120 liores
574 4071 761 4121 erunt.
830 4058 1162 4119 Pulchrum
1188 4061 1365 4119 etism
1392 4062 1503 4119 erit
1528 4062 1886 4140 privatorum
1903 4059 2086 4117 minui
2111 4057 2265 4131 lites,

373 4176 591 4235 easque
623 4176 803 4236 quam
848 4154 1146 4217 celerrime
1188 4157 1495 4237 componi:
1538 4156 2007 4215 honestissimum
2045 4164 2266 4227 autem,

376 4251 723 4331 populorum
750 4270 1117 4333 compescere
1144 4252 1447 4332 impetum,
1482 4263 1545 4313 et
1573 4252 1803 4331 quoties
1840 4251 1992 4311 forte
2023 4270 2130 4332 pro
2157 4253 2262 4312 im-

506 4364 679 4428 Deiph.
699 4376 749 4414 ιε
771 4366 889 4417 Ver.
912 4367 1045 4416 clm.
1434 4366 1622 4415 Livius.

2433 448 2606 515 5801

2319 4370 2460 4421 loz
