<?xml version="1.0" encoding="UTF-8"?>
<!DOCTYPE html PUBLIC "-//W3C//DTD XHTML 1.0 Transitional//EN"
    "http://www.w3.org/TR/xhtml1/DTD/xhtml1-transitional.dtd">
<html xmlns="http://www.w3.org/1999/xhtml" xml:lang="en" lang="en">
 <head>
  <title>
</title>
<meta http-equiv="Content-Type" content="text/html;charset=utf-8" />
  <meta name='ocr-system' content='tesseract 3.04.00' />
  <meta name='ocr-capabilities' content='ocr_page ocr_carea ocr_par ocr_line ocrx_word'/>
</head>
<body>
  <div class='ocr_page' id='page_1' title='image "./tliviipatavinih09livygoog_0471.png"; bbox 0 0 3159 4959; ppageno 0'>
   <div class='ocr_carea' id='block_1_1' title="bbox 1084 414 2508 479">
    <p class='ocr_par' dir='ltr' id='par_1_1' title="bbox 1084 414 2508 479">
     <span class='ocr_line' id='line_1_1' title="bbox 1084 414 2508 479; baseline 0.006 -8"><span class='ocrx_word' id='word_1_1' title='bbox 1084 425 1479 475; x_wconf 74' lang='lat' dir='ltr'><strong>maaoauu</strong></span> <span class='ocrx_word' id='word_1_2' title='bbox 1528 426 1750 476; x_wconf 80' lang='lat' dir='ltr'><strong>mvn.</strong></span> <span class='ocrx_word' id='word_1_3' title='bbox 2333 414 2508 479; x_wconf 70' lang='lat'><strong>5943</strong></span> 
     </span>
    </p>
   </div>
   <div class='ocr_carea' id='block_1_2' title="bbox 301 566 2506 2666">
    <p class='ocr_par' dir='ltr' id='par_1_2' title="bbox 301 566 2506 2666">
     <span class='ocr_line' id='line_1_2' title="bbox 305 566 2506 654; baseline 0.002 -21"><span class='ocrx_word' id='word_1_4' title='bbox 305 569 515 633; x_wconf 86' lang='lat' dir='ltr'><strong>ludos</strong></span> <span class='ocrx_word' id='word_1_5' title='bbox 570 570 1011 650; x_wconf 64' lang='lat' dir='ltr'><strong>praetextatus</strong></span> <span class='ocrx_word' id='word_1_6' title='bbox 1066 566 1421 649; x_wconf 83' lang='lat' dir='ltr'><strong>spectavit.</strong></span> <span class='ocrx_word' id='word_1_7' title='bbox 1532 566 1786 632; x_wconf 85' lang='lat' dir='ltr'><strong>Atilius</strong></span> <span class='ocrx_word' id='word_1_8' title='bbox 1847 567 2194 635; x_wconf 81' lang='lat' dir='ltr'><strong>Calatinus</strong></span> <span class='ocrx_word' id='word_1_9' title='bbox 2251 573 2506 654; x_wconf 88' lang='lat' dir='ltr'><strong>primus</strong></span> 
     </span>
     <span class='ocr_line' id='line_1_3' title="bbox 312 665 2504 757; baseline 0.002 -23"><span class='ocrx_word' id='word_1_10' title='bbox 312 670 609 733; x_wconf 85' lang='lat' dir='ltr'><strong>dictator</strong></span> <span class='ocrx_word' id='word_1_11' title='bbox 631 672 821 731; x_wconf 84' lang='lat' dir='ltr'><strong>extra</strong></span> <span class='ocrx_word' id='word_1_12' title='bbox 852 665 1119 730; x_wconf 89' lang='lat' dir='ltr'><strong>Italiam</strong></span> <span class='ocrx_word' id='word_1_13' title='bbox 1146 669 1519 733; x_wconf 83' lang='lat' dir='ltr'><strong>exercitum</strong></span> <span class='ocrx_word' id='word_1_14' title='bbox 1564 668 1780 733; x_wconf 79' lang='lat' dir='ltr'><strong>duxit.</strong></span> <span class='ocrx_word' id='word_1_15' title='bbox 1869 667 2038 733; x_wconf 88' lang='lat' dir='ltr'><strong>Cum</strong></span> <span class='ocrx_word' id='word_1_16' title='bbox 2067 669 2312 736; x_wconf 88' lang='lat' dir='ltr'><strong>Poenis</strong></span> <span class='ocrx_word' id='word_1_17' title='bbox 2342 692 2504 757; x_wconf 88' lang='lat' dir='ltr'><strong>cap·</strong></span> 
     </span>
     <span class='ocr_line' id='line_1_4' title="bbox 309 767 2504 837; baseline 0.001 -3"><span class='ocrx_word' id='word_1_18' title='bbox 309 771 605 835; x_wconf 87' lang='lat' dir='ltr'><strong>tivorum</strong></span> <span class='ocrx_word' id='word_1_19' title='bbox 632 768 1062 833; x_wconf 69' lang='lat' dir='ltr'><strong>commutatio</strong></span> <span class='ocrx_word' id='word_1_20' title='bbox 1090 767 1271 831; x_wconf 82' lang='lat' dir='ltr'><strong>sacta</strong></span> <span class='ocrx_word' id='word_1_21' title='bbox 1294 774 1420 832; x_wconf 90' lang='lat' dir='ltr'><strong>est.</strong></span> <span class='ocrx_word' id='word_1_22' title='bbox 1502 768 1806 834; x_wconf 74' lang='lat' dir='ltr'><strong>coloniae</strong></span> <span class='ocrx_word' id='word_1_23' title='bbox 1831 769 2138 835; x_wconf 79' lang='lat' dir='ltr'><strong>deductae</strong></span> <span class='ocrx_word' id='word_1_24' title='bbox 2167 777 2321 836; x_wconf 88' lang='lat' dir='ltr'><strong>sunt</strong></span> <span class='ocrx_word' id='word_1_25' title='bbox 2349 774 2504 837; x_wconf 85' lang='lat' dir='ltr'><strong>Fre·</strong></span> 
     </span>
     <span class='ocr_line' id='line_1_5' title="bbox 310 868 2502 953; baseline 0.002 -18"><span class='ocrx_word' id='word_1_26' title='bbox 310 879 587 953; x_wconf 79' lang='lat' dir='ltr'><strong>genae‚¹⁵</strong></span> <span class='ocrx_word' id='word_1_27' title='bbox 609 868 636 907; x_wconf 81' lang='lat'><strong>¹²</strong></span> <span class='ocrx_word' id='word_1_28' title='bbox 682 872 747 935; x_wconf 93' lang='lat' dir='ltr'><strong>in</strong></span> <span class='ocrx_word' id='word_1_29' title='bbox 794 888 953 952; x_wconf 83' lang='lat' dir='ltr'><strong>agro</strong></span> <span class='ocrx_word' id='word_1_30' title='bbox 980 868 1351 935; x_wconf 87' lang='lat' dir='ltr'><strong>Sallentino</strong></span> <span class='ocrx_word' id='word_1_31' title='bbox 1391 869 1849 935; x_wconf 82' lang='lat' dir='ltr'><strong>Brundisium.</strong></span> <span class='ocrx_word' id='word_1_32' title='bbox 1939 871 2250 941; x_wconf 78' lang='lat' dir='ltr'><strong>Lustrum</strong></span> <span class='ocrx_word' id='word_1_33' title='bbox 2278 892 2321 939; x_wconf 86' lang='lat' dir='ltr'><strong>a</strong></span> <span class='ocrx_word' id='word_1_34' title='bbox 2353 895 2502 940; x_wconf 87' lang='lat' dir='ltr'><strong>cen-</strong></span> 
     </span>
     <span class='ocr_line' id='line_1_6' title="bbox 308 969 2504 1057; baseline 0.001 -20"><span class='ocrx_word' id='word_1_35' title='bbox 308 975 581 1039; x_wconf 83' lang='lat' dir='ltr'><strong>soribus</strong></span> <span class='ocrx_word' id='word_1_36' title='bbox 608 972 953 1038; x_wconf 86' lang='lat' dir='ltr'><strong>conditum</strong></span> <span class='ocrx_word' id='word_1_37' title='bbox 986 975 1111 1035; x_wconf 88' lang='lat' dir='ltr'><strong>est.</strong></span> <span class='ocrx_word' id='word_1_38' title='bbox 1199 969 1427 1035; x_wconf 87' lang='lat' dir='ltr'><strong>Censa</strong></span> <span class='ocrx_word' id='word_1_39' title='bbox 1455 977 1610 1035; x_wconf 86' lang='lat' dir='ltr'><strong>sunt</strong></span> <span class='ocrx_word' id='word_1_40' title='bbox 1647 972 1892 1037; x_wconf 84' lang='lat' dir='ltr'><strong>civium</strong></span> <span class='ocrx_word' id='word_1_41' title='bbox 1940 974 2170 1057; x_wconf 82' lang='lat' dir='ltr'><strong>capita</strong></span> <span class='ocrx_word' id='word_1_42' title='bbox 2213 973 2504 1041; x_wconf 83' lang='lat' dir='ltr'><strong>ducenta</strong></span> 
     </span>
     <span class='ocr_line' id='line_1_7' title="bbox 308 1071 2502 1157; baseline 0.001 -20"><span class='ocrx_word' id='word_1_43' title='bbox 308 1075 796 1157; x_wconf 75' lang='lat' dir='ltr'><strong>quinquaginta</strong></span> <span class='ocrx_word' id='word_1_44' title='bbox 840 1093 1043 1137; x_wconf 88' lang='lat' dir='ltr'><strong>unum</strong></span> <span class='ocrx_word' id='word_1_45' title='bbox 1088 1072 1325 1149; x_wconf 89' lang='lat' dir='ltr'><strong>millia,</strong></span> <span class='ocrx_word' id='word_1_46' title='bbox 1368 1071 1663 1137; x_wconf 82' lang='lat' dir='ltr'><strong>ducenta</strong></span> <span class='ocrx_word' id='word_1_47' title='bbox 1689 1073 1920 1156; x_wconf 80' lang='lat' dir='ltr'><strong>viginti</strong></span> <span class='ocrx_word' id='word_1_48' title='bbox 1951 1075 2108 1139; x_wconf 87' lang='lat' dir='ltr'><strong>duo.</strong></span> <span class='ocrx_word' id='word_1_49' title='bbox 2196 1074 2502 1153; x_wconf 84' lang='lat' dir='ltr'><strong>Claudia,</strong></span> 
     </span>
     <span class='ocr_line' id='line_1_8' title="bbox 304 1172 2498 1260; baseline 0.001 -21"><span class='ocrx_word' id='word_1_50' title='bbox 304 1194 497 1239; x_wconf 82' lang='lat' dir='ltr'><strong>soror</strong></span> <span class='ocrx_word' id='word_1_51' title='bbox 544 1174 633 1238; x_wconf 91' lang='grc' dir='ltr'><strong>Ρ.</strong></span> <span class='ocrx_word' id='word_1_52' title='bbox 680 1172 972 1251; x_wconf 77' lang='lat' dir='ltr'><strong>Claudii,</strong></span> <span class='ocrx_word' id='word_1_53' title='bbox 1026 1174 1165 1257; x_wconf 88' lang='lat' dir='ltr'><strong>qui,</strong></span> <span class='ocrx_word' id='word_1_54' title='bbox 1218 1174 1575 1239; x_wconf 84' lang='lat' dir='ltr'><strong>contemtis</strong></span> <span class='ocrx_word' id='word_1_55' title='bbox 1621 1176 1973 1259; x_wconf 75' lang='lat' dir='ltr'><strong>auspiciis,</strong></span> <span class='ocrx_word' id='word_1_56' title='bbox 2025 1176 2200 1241; x_wconf 86' lang='lat' dir='ltr'><strong>male</strong></span> <span class='ocrx_word' id='word_1_57' title='bbox 2251 1196 2498 1260; x_wconf 82' lang='lat' dir='ltr'><strong>pugna-</strong></span> 
     </span>
     <span class='ocr_line' id='line_1_9' title="bbox 304 1272 2499 1359; baseline 0.001 -21"><span class='ocrx_word' id='word_1_58' title='bbox 304 1280 525 1352; x_wconf 84' lang='lat' dir='ltr'><strong>verat,</strong></span> <span class='ocrx_word' id='word_1_59' title='bbox 577 1295 620 1340; x_wconf 86' lang='lat' dir='ltr'><strong>a</strong></span> <span class='ocrx_word' id='word_1_60' title='bbox 668 1275 849 1339; x_wconf 89' lang='lat' dir='ltr'><strong>ludis</strong></span> <span class='ocrx_word' id='word_1_61' title='bbox 894 1272 1309 1352; x_wconf 81' lang='lat' dir='ltr'><strong>revertens,¹⁶</strong></span> <span class='ocrx_word' id='word_1_62' title='bbox 1354 1294 1505 1339; x_wconf 88' lang='lat' dir='ltr'><strong>cum</strong></span> <span class='ocrx_word' id='word_1_63' title='bbox 1552 1276 1754 1341; x_wconf 88' lang='lat' dir='ltr'><strong>turba</strong></span> <span class='ocrx_word' id='word_1_64' title='bbox 1805 1282 2235 1359; x_wconf 87' lang='lat' dir='ltr'><strong>premeretur,</strong></span> <span class='ocrx_word' id='word_1_65' title='bbox 2297 1276 2499 1356; x_wconf 82' lang='lat' dir='ltr'><strong>dixit,</strong></span> 
     </span>
     <span class='ocr_line' id='line_1_10' title="bbox 304 1375 2502 1460; baseline 0.001 -21"><span class='ocrx_word' id='word_1_66' title='bbox 304 1381 325 1411; x_wconf 77' lang='lat'>⁸</span> <span class='ocrx_word' id='word_1_67' title='bbox 360 1375 639 1439; x_wconf 89' lang='lat' dir='ltr'><strong>Utinam</strong></span> <span class='ocrx_word' id='word_1_68' title='bbox 675 1375 882 1441; x_wconf 82' lang='lat' dir='ltr'><strong>frater</strong></span> <span class='ocrx_word' id='word_1_69' title='bbox 910 1396 1094 1441; x_wconf 90' lang='lat' dir='ltr'><strong>meus</strong></span> <span class='ocrx_word' id='word_1_70' title='bbox 1123 1376 1391 1453; x_wconf 78' lang='lat' dir='ltr'><strong>viveret,</strong></span> <span class='ocrx_word' id='word_1_71' title='bbox 1434 1378 1810 1460; x_wconf 75' lang='lat' dir='ltr'><strong>iterumque</strong></span> <span class='ocrx_word' id='word_1_72' title='bbox 1849 1378 2140 1441; x_wconf 76' lang='lat' dir='ltr'><strong>classem</strong></span> <span class='ocrx_word' id='word_1_73' title='bbox 2169 1376 2439 1442; x_wconf 87' lang='lat' dir='ltr'><strong>duceret</strong></span> <span class='ocrx_word' id='word_1_74' title='bbox 2460 1378 2502 1459; x_wconf 80' lang='lat'><strong>3⁹</strong></span> 
     </span>
     <span class='ocr_line' id='line_1_11' title="bbox 306 1474 2504 1557; baseline 0.001 -18"><span class='ocrx_word' id='word_1_75' title='bbox 306 1474 401 1539; x_wconf 89' lang='lat' dir='ltr'><strong>ob</strong></span> <span class='ocrx_word' id='word_1_76' title='bbox 430 1494 577 1539; x_wconf 89' lang='lat' dir='ltr'><strong>eam</strong></span> <span class='ocrx_word' id='word_1_77' title='bbox 622 1495 897 1540; x_wconf 90' lang='lat' dir='ltr'><strong>causam</strong></span> <span class='ocrx_word' id='word_1_78' title='bbox 946 1475 1200 1543; x_wconf 84' lang='lat' dir='ltr'><strong>mulcta</strong></span> <span class='ocrx_word' id='word_1_79' title='bbox 1226 1477 1289 1539; x_wconf 88' lang='lat' dir='ltr'><strong>ei</strong></span> <span class='ocrx_word' id='word_1_80' title='bbox 1321 1476 1503 1541; x_wconf 86' lang='lat' dir='ltr'><strong>dicta</strong></span> <span class='ocrx_word' id='word_1_81' title='bbox 1532 1484 1716 1541; x_wconf 83' lang='lat' dir='ltr'><strong>est.¹⁷</strong></span> <span class='ocrx_word' id='word_1_82' title='bbox 1805 1476 1963 1541; x_wconf 91' lang='lat' dir='ltr'><strong>Duo</strong></span> <span class='ocrx_word' id='word_1_83' title='bbox 1994 1482 2314 1557; x_wconf 71' lang='lat' dir='ltr'><strong>praetores</strong></span> <span class='ocrx_word' id='word_1_84' title='bbox 2358 1484 2504 1541; x_wconf 87' lang='lat' dir='ltr'><strong>tum</strong></span> 
     </span>
     <span class='ocr_line' id='line_1_12' title="bbox 303 1574 2498 1660; baseline 0.001 -21"><span class='ocrx_word' id='word_1_85' title='bbox 303 1576 593 1659; x_wconf 78' lang='lat' dir='ltr'><strong>primum</strong></span> <span class='ocrx_word' id='word_1_86' title='bbox 622 1577 825 1641; x_wconf 85' lang='lat' dir='ltr'><strong>creati</strong></span> <span class='ocrx_word' id='word_1_87' title='bbox 854 1586 1028 1643; x_wconf 85' lang='lat' dir='ltr'><strong>sunt.</strong></span> <span class='ocrx_word' id='word_1_88' title='bbox 1118 1576 1441 1642; x_wconf 81' lang='lat' dir='ltr'><strong>Caecilius</strong></span> <span class='ocrx_word' id='word_1_89' title='bbox 1484 1576 1796 1641; x_wconf 81' lang='lat' dir='ltr'><strong>Metellus</strong></span> <span class='ocrx_word' id='word_1_90' title='bbox 1831 1574 2134 1660; x_wconf 81' lang='lat' dir='ltr'><strong>pontifex</strong></span> <span class='ocrx_word' id='word_1_91' title='bbox 2164 1576 2498 1641; x_wconf 82' lang='lat' dir='ltr'><strong>maximus</strong></span> 
     </span>
     <span class='ocr_line' id='line_1_13' title="bbox 306 1676 2500 1761; baseline 0 -20"><span class='ocrx_word' id='word_1_92' title='bbox 306 1676 397 1741; x_wconf 83' lang='lat' dir='ltr'><strong>A.</strong></span> <span class='ocrx_word' id='word_1_93' title='bbox 421 1677 837 1743; x_wconf 85' lang='lat' dir='ltr'><strong>Postumium</strong></span> <span class='ocrx_word' id='word_1_94' title='bbox 860 1679 1223 1755; x_wconf 88' lang='lat' dir='ltr'><strong>consulem,</strong></span> <span class='ocrx_word' id='word_1_95' title='bbox 1253 1678 1565 1761; x_wconf 87' lang='lat' dir='ltr'><strong>quoniam</strong></span> <span class='ocrx_word' id='word_1_96' title='bbox 1594 1678 1768 1741; x_wconf 89' lang='lat' dir='ltr'><strong>idem</strong></span> <span class='ocrx_word' id='word_1_97' title='bbox 1799 1685 1871 1741; x_wconf 90' lang='lat' dir='ltr'><strong>et</strong></span> <span class='ocrx_word' id='word_1_98' title='bbox 1899 1676 2140 1741; x_wconf 86' lang='lat' dir='ltr'><strong>flamen</strong></span> <span class='ocrx_word' id='word_1_99' title='bbox 2159 1676 2500 1743; x_wconf 73' lang='lat' dir='ltr'><strong>Martialis</strong></span> 
     </span>
     <span class='ocr_line' id='line_1_14' title="bbox 302 1776 2498 1863; baseline 0 -21"><span class='ocrx_word' id='word_1_100' title='bbox 302 1787 469 1856; x_wconf 85' lang='lat' dir='ltr'><strong>erat,</strong></span> <span class='ocrx_word' id='word_1_101' title='bbox 500 1797 651 1843; x_wconf 86' lang='lat' dir='ltr'><strong>cum</strong></span> <span class='ocrx_word' id='word_1_102' title='bbox 680 1780 741 1843; x_wconf 86' lang='lat' dir='ltr'><strong>is</strong></span> <span class='ocrx_word' id='word_1_103' title='bbox 770 1779 857 1843; x_wconf 85' lang='lat' dir='ltr'><strong>ad</strong></span> <span class='ocrx_word' id='word_1_104' title='bbox 887 1776 1131 1845; x_wconf 88' lang='lat' dir='ltr'><strong>bellum</strong></span> <span class='ocrx_word' id='word_1_105' title='bbox 1160 1780 1517 1863; x_wconf 82' lang='lat' dir='ltr'><strong>gerendum</strong></span> <span class='ocrx_word' id='word_1_106' title='bbox 1550 1780 1886 1862; x_wconf 84' lang='lat' dir='ltr'><strong>proficisci</strong></span> <span class='ocrx_word' id='word_1_107' title='bbox 1923 1777 2147 1857; x_wconf 85' lang='lat' dir='ltr'><strong>vellet,</strong></span> <span class='ocrx_word' id='word_1_108' title='bbox 2194 1779 2264 1841; x_wconf 91' lang='lat' dir='ltr'><strong>in</strong></span> <span class='ocrx_word' id='word_1_109' title='bbox 2309 1777 2498 1843; x_wconf 89' lang='lat' dir='ltr'><strong>Urbe</strong></span> 
     </span>
     <span class='ocr_line' id='line_1_15' title="bbox 301 1876 2496 1963; baseline 0 -20"><span class='ocrx_word' id='word_1_110' title='bbox 301 1880 537 1956; x_wconf 89' lang='lat' dir='ltr'><strong>tenuit,</strong></span> <span class='ocrx_word' id='word_1_111' title='bbox 584 1900 707 1945; x_wconf 89' lang='lat' dir='ltr'><strong>nec</strong></span> <span class='ocrx_word' id='word_1_112' title='bbox 730 1899 985 1963; x_wconf 85' lang='lat' dir='ltr'><strong>passus</strong></span> <span class='ocrx_word' id='word_1_113' title='bbox 1014 1887 1122 1944; x_wconf 87' lang='lat' dir='ltr'><strong>est</strong></span> <span class='ocrx_word' id='word_1_114' title='bbox 1150 1899 1193 1943; x_wconf 89' lang='lat' dir='ltr'><strong>a</strong></span> <span class='ocrx_word' id='word_1_115' title='bbox 1222 1881 1431 1944; x_wconf 87' lang='lat' dir='ltr'><strong>sacris</strong></span> <span class='ocrx_word' id='word_1_116' title='bbox 1463 1878 1794 1943; x_wconf 80' lang='lat' dir='ltr'><strong>recedere.</strong></span> <span class='ocrx_word' id='word_1_117' title='bbox 1885 1876 2128 1941; x_wconf 86' lang='lat' dir='ltr'><strong>Rebus</strong></span> <span class='ocrx_word' id='word_1_118' title='bbox 2173 1878 2496 1943; x_wconf 85' lang='lat' dir='ltr'><strong>adversus</strong></span> 
     </span>
     <span class='ocr_line' id='line_1_16' title="bbox 304 1978 2498 2061; baseline -0 -19"><span class='ocrx_word' id='word_1_119' title='bbox 304 1980 559 2043; x_wconf 87' lang='lat' dir='ltr'><strong>Poenos</strong></span> <span class='ocrx_word' id='word_1_120' title='bbox 586 1998 629 2044; x_wconf 84' lang='lat' dir='ltr'><strong>a</strong></span> <span class='ocrx_word' id='word_1_121' title='bbox 658 1980 959 2061; x_wconf 84' lang='lat' dir='ltr'><strong>pluribus</strong></span> <span class='ocrx_word' id='word_1_122' title='bbox 988 1979 1273 2042; x_wconf 89' lang='lat' dir='ltr'><strong>ducibus</strong></span> <span class='ocrx_word' id='word_1_123' title='bbox 1308 1998 1632 2061; x_wconf 86' lang='lat' dir='ltr'><strong>prospere</strong></span> <span class='ocrx_word' id='word_1_124' title='bbox 1668 1978 1956 2058; x_wconf 82' lang='lat' dir='ltr'><strong>gestis,¹⁸</strong></span> <span class='ocrx_word' id='word_1_125' title='bbox 2001 1994 2326 2042; x_wconf 88' lang='lat' dir='ltr'><strong>summam</strong></span> <span class='ocrx_word' id='word_1_126' title='bbox 2357 1978 2498 2041; x_wconf 79' lang='lat' dir='ltr'><strong>vic-</strong></span> 
     </span>
     <span class='ocr_line' id='line_1_17' title="bbox 307 2075 2498 2158; baseline -0.001 -15"><span class='ocrx_word' id='word_1_127' title='bbox 307 2080 503 2143; x_wconf 78' lang='lat' dir='ltr'><strong>toriae</strong></span> <span class='ocrx_word' id='word_1_128' title='bbox 534 2079 613 2145; x_wconf 84' lang='lat' dir='ltr'><strong>C·</strong></span> <span class='ocrx_word' id='word_1_129' title='bbox 642 2080 949 2145; x_wconf 86' lang='lat' dir='ltr'><strong>Lutatius</strong></span> <span class='ocrx_word' id='word_1_130' title='bbox 991 2078 1249 2152; x_wconf 88' lang='lat' dir='ltr'><strong>consul,</strong></span> <span class='ocrx_word' id='word_1_131' title='bbox 1301 2078 1484 2142; x_wconf 81' lang='lat' dir='ltr'><strong>victa</strong></span> <span class='ocrx_word' id='word_1_132' title='bbox 1516 2075 1604 2141; x_wconf 88' lang='lat' dir='ltr'><strong>ad</strong></span> <span class='ocrx_word' id='word_1_133' title='bbox 1647 2078 1926 2158; x_wconf 77' lang='lat' dir='ltr'><strong>AEgates</strong></span> <span class='ocrx_word' id='word_1_134' title='bbox 1969 2076 2232 2140; x_wconf 86' lang='lat' dir='ltr'><strong>insulas</strong></span> <span class='ocrx_word' id='word_1_135' title='bbox 2277 2077 2498 2141; x_wconf 84' lang='lat' dir='ltr'><strong>classe</strong></span> 
     </span>
     <span class='ocr_line' id='line_1_18' title="bbox 304 2175 2498 2263; baseline -0.002 -18"><span class='ocrx_word' id='word_1_136' title='bbox 304 2178 698 2259; x_wconf 84' lang='lat' dir='ltr'><strong>Poenorum,</strong></span> <span class='ocrx_word' id='word_1_137' title='bbox 750 2180 1089 2263; x_wconf 86' lang='lat' dir='ltr'><strong>imposuit.</strong></span> <span class='ocrx_word' id='word_1_138' title='bbox 1198 2175 1594 2243; x_wconf 85' lang='lat' dir='ltr'><strong>Petentibus</strong></span> <span class='ocrx_word' id='word_1_139' title='bbox 1650 2175 2308 2259; x_wconf 82' lang='lat' dir='ltr'><strong>Carthaginiensibus</strong></span> <span class='ocrx_word' id='word_1_140' title='bbox 2353 2197 2498 2260; x_wconf 78' lang='lat' dir='ltr'><strong>pax</strong></span> 
     </span>
     <span class='ocr_line' id='line_1_19' title="bbox 304 2277 2494 2363; baseline 0 -20"><span class='ocrx_word' id='word_1_141' title='bbox 304 2280 467 2344; x_wconf 89' lang='lat' dir='ltr'><strong>data</strong></span> <span class='ocrx_word' id='word_1_142' title='bbox 493 2290 619 2346; x_wconf 88' lang='lat' dir='ltr'><strong>est.</strong></span> <span class='ocrx_word' id='word_1_143' title='bbox 689 2281 859 2346; x_wconf 87' lang='lat' dir='ltr'><strong>Cum</strong></span> <span class='ocrx_word' id='word_1_144' title='bbox 892 2280 1211 2363; x_wconf 89' lang='lat' dir='ltr'><strong>templum</strong></span> <span class='ocrx_word' id='word_1_145' title='bbox 1233 2278 1463 2345; x_wconf 76' lang='lat' dir='ltr'><strong>Vestae</strong></span> <span class='ocrx_word' id='word_1_146' title='bbox 1492 2279 1776 2356; x_wconf 81' lang='lat' dir='ltr'><strong>arderet,</strong></span> <span class='ocrx_word' id='word_1_147' title='bbox 1810 2277 2132 2343; x_wconf 78' lang='lat' dir='ltr'><strong>Caecilius</strong></span> <span class='ocrx_word' id='word_1_148' title='bbox 2164 2277 2494 2343; x_wconf 82' lang='lat' dir='ltr'><strong>Metellus</strong></span> 
     </span>
     <span class='ocr_line' id='line_1_20' title="bbox 306 2378 2496 2461; baseline 0 -18"><span class='ocrx_word' id='word_1_149' title='bbox 306 2379 617 2461; x_wconf 81' lang='lat' dir='ltr'><strong>pontifex</strong></span> <span class='ocrx_word' id='word_1_150' title='bbox 645 2381 981 2445; x_wconf 88' lang='lat' dir='ltr'><strong>maximus</strong></span> <span class='ocrx_word' id='word_1_151' title='bbox 1026 2400 1115 2445; x_wconf 87' lang='lat' dir='ltr'><strong>ex</strong></span> <span class='ocrx_word' id='word_1_152' title='bbox 1160 2378 1469 2444; x_wconf 89' lang='lat' dir='ltr'><strong>incendio</strong></span> <span class='ocrx_word' id='word_1_153' title='bbox 1514 2398 1715 2444; x_wconf 86' lang='lat' dir='ltr'><strong>sacra</strong></span> <span class='ocrx_word' id='word_1_154' title='bbox 1751 2381 1990 2461; x_wconf 86' lang='lat' dir='ltr'><strong>rapuit.</strong></span> <span class='ocrx_word' id='word_1_155' title='bbox 2080 2379 2258 2443; x_wconf 85' lang='lat' dir='ltr'><strong>Duae</strong></span> <span class='ocrx_word' id='word_1_156' title='bbox 2287 2380 2496 2443; x_wconf 82' lang='lat' dir='ltr'><strong>tribus</strong></span> 
     </span>
     <span class='ocr_line' id='line_1_21' title="bbox 307 2478 2492 2562; baseline 0 -19"><span class='ocrx_word' id='word_1_157' title='bbox 307 2479 589 2562; x_wconf 81' lang='lat' dir='ltr'><strong>adjectae</strong></span> <span class='ocrx_word' id='word_1_158' title='bbox 620 2488 799 2557; x_wconf 84' lang='lat' dir='ltr'><strong>sunt,</strong></span> <span class='ocrx_word' id='word_1_159' title='bbox 833 2481 1081 2545; x_wconf 88' lang='lat' dir='ltr'><strong>Velina</strong></span> <span class='ocrx_word' id='word_1_160' title='bbox 1110 2490 1179 2545; x_wconf 88' lang='lat' dir='ltr'><strong>et</strong></span> <span class='ocrx_word' id='word_1_161' title='bbox 1221 2478 1590 2557; x_wconf 78' lang='lat' dir='ltr'><strong>Quirina-⁸⁹</strong></span> <span class='ocrx_word' id='word_1_162' title='bbox 1679 2478 1930 2543; x_wconf 83' lang='lat' dir='ltr'><strong>Falisci</strong></span> <span class='ocrx_word' id='word_1_163' title='bbox 1977 2498 2130 2543; x_wconf 87' lang='lat' dir='ltr'><strong>oum</strong></span> <span class='ocrx_word' id='word_1_164' title='bbox 2175 2478 2492 2543; x_wconf 88' lang='lat' dir='ltr'><strong>rebellas-</strong></span> 
     </span>
     <span class='ocr_line' id='line_1_22' title="bbox 307 2579 2163 2666; baseline 0.001 -25"><span class='ocrx_word' id='word_1_165' title='bbox 307 2588 473 2657; x_wconf 85' lang='lat' dir='ltr'><strong>sent,</strong></span> <span class='ocrx_word' id='word_1_166' title='bbox 505 2587 703 2647; x_wconf 85' lang='lat' dir='ltr'><strong>sexto</strong></span> <span class='ocrx_word' id='word_1_167' title='bbox 735 2582 845 2647; x_wconf 91' lang='lat' dir='ltr'><strong>die</strong></span> <span class='ocrx_word' id='word_1_168' title='bbox 874 2582 1249 2666; x_wconf 86' lang='lat' dir='ltr'><strong>perdomiti,</strong></span> <span class='ocrx_word' id='word_1_169' title='bbox 1281 2579 1349 2643; x_wconf 88' lang='lat' dir='ltr'><strong>in</strong></span> <span class='ocrx_word' id='word_1_170' title='bbox 1379 2579 1790 2644; x_wconf 84' lang='lat' dir='ltr'><strong>deditionem</strong></span> <span class='ocrx_word' id='word_1_171' title='bbox 1820 2586 2163 2645; x_wconf 81' lang='lat' dir='ltr'><strong>venerunt.</strong></span> 
     </span>
    </p>
   </div>
   <div class='ocr_carea' id='block_1_3' title="bbox 1216 2740 1579 2763">
    <p class='ocr_par' dir='ltr' id='par_1_3' title="bbox 1216 2740 1579 2763">
     <span class='ocr_line' id='line_1_23' title="bbox 1216 2740 1579 2763; baseline -0.006 0"><span class='ocrx_word' id='word_1_172' title='bbox 1216 2740 1335 2763; x_wconf 54' lang='lat' dir='ltr'><strong>&amp;m</strong></span> <span class='ocrx_word' id='word_1_173' title='bbox 1340 2741 1579 2762; x_wconf 56' lang='lat' dir='ltr'><strong>OOOOOOO</strong></span> 
     </span>
    </p>
   </div>
   <div class='ocr_carea' id='block_1_4' title="bbox 301 2838 2491 3144">
    <p class='ocr_par' dir='ltr' id='par_1_4' title="bbox 302 2838 2490 2905">
     <span class='ocr_line' id='line_1_24' title="bbox 302 2838 2490 2905; baseline -0 -16"><span class='ocrx_word' id='word_1_174' title='bbox 302 2842 513 2903; x_wconf 80' lang='lat' dir='ltr'><strong>Doujat.</strong></span> <span class='ocrx_word' id='word_1_175' title='bbox 534 2854 649 2890; x_wconf 85' lang='lat' dir='ltr'><strong>cnm</strong></span> <span class='ocrx_word' id='word_1_176' title='bbox 670 2841 791 2890; x_wconf 82' lang='lat' dir='ltr'><strong>edd.</strong></span> <span class='ocrx_word' id='word_1_177' title='bbox 813 2846 937 2891; x_wconf 75' lang='lat' dir='ltr'><strong>ente</strong></span> <span class='ocrx_word' id='word_1_178' title='bbox 960 2842 1269 2905; x_wconf 57' lang='lat' dir='ltr'><strong>Sigea—15</strong></span> <span class='ocrx_word' id='word_1_179' title='bbox 1307 2841 1545 2903; x_wconf 66' lang='lat' dir='ltr'><strong>fregaeua</strong></span> <span class='ocrx_word' id='word_1_180' title='bbox 1575 2840 1791 2904; x_wconf 81' lang='lat' dir='ltr'><strong>Doujat.</strong></span> <span class='ocrx_word' id='word_1_181' title='bbox 1831 2840 2047 2903; x_wconf 70' lang='lat' dir='ltr'><strong>Fregenis</strong></span> <span class='ocrx_word' id='word_1_182' title='bbox 2067 2840 2359 2889; x_wconf 74' lang='lat' dir='ltr'><strong>orem—le</strong></span> <span class='ocrx_word' id='word_1_183' title='bbox 2397 2838 2490 2888; x_wconf 82' lang='lat' dir='ltr'><strong>Di-</strong></span> 
     </span>
    </p>

    <p class='ocr_par' dir='ltr' id='par_1_5' title="bbox 301 2903 2490 2967">
     <span class='ocr_line' id='line_1_25' title="bbox 301 2903 2490 2967; baseline -0 -14"><span class='ocrx_word' id='word_1_184' title='bbox 301 2910 487 2953; x_wconf 71' lang='lat' dir='ltr'><strong>emm</strong></span> <span class='ocrx_word' id='word_1_185' title='bbox 508 2906 629 2954; x_wconf 83' lang='lat' dir='ltr'><strong>edd.</strong></span> <span class='ocrx_word' id='word_1_186' title='bbox 662 2912 783 2954; x_wconf 77' lang='lat' dir='ltr'><strong>ante</strong></span> <span class='ocrx_word' id='word_1_187' title='bbox 812 2906 988 2967; x_wconf 71' lang='lat' dir='ltr'><strong>Sigon.</strong></span> <span class='ocrx_word' id='word_1_188' title='bbox 1038 2906 1167 2967; x_wconf 78' lang='lat' dir='ltr'><strong>Sup-</strong></span> <span class='ocrx_word' id='word_1_189' title='bbox 1188 2920 1485 2965; x_wconf 78' lang='lat' dir='ltr'><strong>praenomen</strong></span> <span class='ocrx_word' id='word_1_190' title='bbox 1510 2906 1577 2955; x_wconf 89' lang='grc' dir='ltr'><strong>Ρ.</strong></span> <span class='ocrx_word' id='word_1_191' title='bbox 1605 2906 1866 2955; x_wconf 83' lang='lat' dir='ltr'><strong>omittitur</strong></span> <span class='ocrx_word' id='word_1_192' title='bbox 1896 2907 1947 2953; x_wconf 81' lang='lat' dir='ltr'><strong>in</strong></span> <span class='ocrx_word' id='word_1_193' title='bbox 1969 2905 2313 2966; x_wconf 58' lang='lat' dir='ltr'><strong>Doujete—l&#39;!</strong></span> <span class='ocrx_word' id='word_1_194' title='bbox 2337 2903 2490 2952; x_wconf 68' lang='lat' dir='ltr'><strong>Mule-</strong></span> 
     </span>
    </p>

    <p class='ocr_par' dir='ltr' id='par_1_6' title="bbox 306 2966 2491 3031">
     <span class='ocr_line' id='line_1_26' title="bbox 306 2966 2491 3031; baseline 0 -16"><span class='ocrx_word' id='word_1_195' title='bbox 306 2973 407 3015; x_wconf 73' lang='lat' dir='ltr'><strong>tata</strong></span> <span class='ocrx_word' id='word_1_196' title='bbox 442 2972 515 3016; x_wconf 72' lang='lat' dir='ltr'><strong>est</strong></span> <span class='ocrx_word' id='word_1_197' title='bbox 546 2967 665 3016; x_wconf 83' lang='lat' dir='ltr'><strong>edd.</strong></span> <span class='ocrx_word' id='word_1_198' title='bbox 684 2976 803 3016; x_wconf 78' lang='lat' dir='ltr'><strong>ante</strong></span> <span class='ocrx_word' id='word_1_199' title='bbox 838 2970 891 3017; x_wconf 83' lang='lat' dir='ltr'><strong>Si</strong></span> <span class='ocrx_word' id='word_1_200' title='bbox 932 2972 1145 3016; x_wconf 58' lang='grc' dir='ltr'><strong>σιω-18</strong></span> <span class='ocrx_word' id='word_1_201' title='bbox 1179 2968 1353 3017; x_wconf 74' lang='grc' dir='ltr'><strong><em>Ρσκοι</em></strong></span> <span class='ocrx_word' id='word_1_202' title='bbox 1378 2982 1600 3031; x_wconf 70' lang='lat' dir='ltr'><strong>prospere</strong></span> <span class='ocrx_word' id='word_1_203' title='bbox 1617 2968 1830 3031; x_wconf 68' lang='lat' dir='ltr'><strong>pluribus</strong></span> <span class='ocrx_word' id='word_1_204' title='bbox 1857 2969 2010 3027; x_wconf 71' lang='lat' dir='ltr'><strong>gestis</strong></span> <span class='ocrx_word' id='word_1_205' title='bbox 2033 2968 2252 3028; x_wconf 74' lang='lat' dir='ltr'><strong>Doujat.</strong></span> <span class='ocrx_word' id='word_1_206' title='bbox 2317 2966 2491 3015; x_wconf 66' lang='lat' dir='ltr'><strong>Peneo</strong></span> 
     </span>
    </p>

    <p class='ocr_par' dir='ltr' id='par_1_7' title="bbox 301 2984 2490 3144">
     <span class='ocr_line' id='line_1_27' title="bbox 301 2984 2490 3144; baseline -0.001 -65"><span class='ocrx_word' id='word_1_207' title='bbox 301 3030 509 3143; x_wconf 49' lang='lat' dir='ltr'><strong>gambas</strong></span> <span class='ocrx_word' id='word_1_208' title='bbox 532 3031 766 3144; x_wconf 46' lang='lat' dir='ltr'><strong>ddueggn·</strong></span> <span class='ocrx_word' id='word_1_209' title='bbox 795 2984 949 3143; x_wconf 51' lang='grc' dir='ltr'><strong><em>ςειιξῖ</em></strong></span> <span class='ocrx_word' id='word_1_210' title='bbox 990 3030 1111 3079; x_wconf 82' lang='lat' dir='ltr'><strong>edd.</strong></span> <span class='ocrx_word' id='word_1_211' title='bbox 1154 3040 1275 3079; x_wconf 78' lang='lat' dir='ltr'><strong>ante</strong></span> <span class='ocrx_word' id='word_1_212' title='bbox 1314 3031 1629 3094; x_wconf 70' lang='lat' dir='ltr'><strong>sigum—19</strong></span> <span class='ocrx_word' id='word_1_213' title='bbox 1665 3031 1928 3093; x_wconf 65' lang='lat' dir='ltr'><strong>Esquilina</strong></span> <span class='ocrx_word' id='word_1_214' title='bbox 1965 3032 2030 3079; x_wconf 81' lang='lat' dir='ltr'><strong>al.</strong></span> <span class='ocrx_word' id='word_1_215' title='bbox 2103 3028 2303 3091; x_wconf 68' lang='lat' dir='ltr'><strong>Sapini-</strong></span> <span class='ocrx_word' id='word_1_216' title='bbox 2353 3030 2490 3091; x_wconf 77' lang='lat' dir='ltr'><strong>conj.</strong></span> 
     </span>
     <span class='ocr_line' id='line_1_28' title="bbox 360 3104 971 3143; baseline 0 -1"><span class='ocrx_word' id='word_1_217' title='bbox 360 3108 449 3142; x_wconf 84' lang='lat' dir='ltr'><strong>rue</strong></span> <span class='ocrx_word' id='word_1_218' title='bbox 488 3126 503 3141; x_wconf 95' lang='lat'><strong>.</strong></span> <span class='ocrx_word' id='word_1_219' title='bbox 568 3108 599 3143; x_wconf 82' lang='lat' dir='ltr'><strong>e</strong></span> <span class='ocrx_word' id='word_1_220' title='bbox 700 3104 813 3143; x_wconf 81' lang='lat' dir='ltr'><strong>mn.</strong></span> <span class='ocrx_word' id='word_1_221' title='bbox 837 3108 901 3143; x_wconf 85' lang='lat' dir='ltr'><strong>n.</strong></span> <span class='ocrx_word' id='word_1_222' title='bbox 956 3128 971 3142; x_wconf 91' lang='lat'><strong>.</strong></span> 
     </span>
    </p>
   </div>
   <div class='ocr_carea' id='block_1_5' title="bbox 1290 3172 1507 3223">
    <p class='ocr_par' dir='ltr' id='par_1_8' title="bbox 1290 3172 1507 3223">
     <span class='ocr_line' id='line_1_29' title="bbox 1290 3172 1507 3223; baseline -0.005 0"><span class='ocrx_word' id='word_1_223' title='bbox 1290 3172 1507 3223; x_wconf 73' lang='lat' dir='ltr'>NOTAE</span> 
     </span>
    </p>
   </div>
   <div class='ocr_carea' id='block_1_6' title="bbox 303 3266 2490 3626">
    <p class='ocr_par' dir='ltr' id='par_1_9' title="bbox 303 3266 2490 3626">
     <span class='ocr_line' id='line_1_30' title="bbox 364 3266 2490 3331; baseline -0.001 -12"><span class='ocrx_word' id='word_1_224' title='bbox 364 3267 389 3303; x_wconf 55' lang='grc' dir='ltr'><strong>Β</strong></span> <span class='ocrx_word' id='word_1_225' title='bbox 432 3270 639 3319; x_wconf 72' lang='lat' dir='ltr'><strong>Colonia</strong></span> <span class='ocrx_word' id='word_1_226' title='bbox 691 3270 905 3319; x_wconf 68' lang='lat' dir='ltr'><strong>deducte</strong></span> <span class='ocrx_word' id='word_1_227' title='bbox 954 3276 1065 3320; x_wconf 68' lang='lat' dir='ltr'><strong>nunt</strong></span> <span class='ocrx_word' id='word_1_228' title='bbox 1122 3271 1353 3331; x_wconf 59' lang='lat' dir='ltr'><strong>Fusae</strong></span> <span class='ocrx_word' id='word_1_229' title='bbox 1438 3272 1586 3319; x_wconf 85' lang='lat' dir='ltr'><strong>minit</strong></span> <span class='ocrx_word' id='word_1_230' title='bbox 1627 3270 1804 3319; x_wconf 82' lang='lat' dir='ltr'><strong>Livius</strong></span> <span class='ocrx_word' id='word_1_231' title='bbox 1844 3269 1936 3319; x_wconf 81' lang='lat' dir='ltr'><strong>lib.</strong></span> <span class='ocrx_word' id='word_1_232' title='bbox 1981 3279 2145 3319; x_wconf 70' lang='lat' dir='ltr'><strong>xxxi.</strong></span> <span class='ocrx_word' id='word_1_233' title='bbox 2229 3267 2342 3318; x_wconf 77' lang='lat' dir='ltr'><strong>Sita</strong></span> <span class='ocrx_word' id='word_1_234' title='bbox 2385 3266 2490 3317; x_wconf 79' lang='lat' dir='ltr'><strong>fuit</strong></span> 
     </span>
     <span class='ocr_line' id='line_1_31' title="bbox 303 3340 2486 3409; baseline -0.002 -14"><span class='ocrx_word' id='word_1_235' title='bbox 303 3345 585 3409; x_wconf 67' lang='lat' dir='ltr'><strong>[Fregdzoe]</strong></span> <span class='ocrx_word' id='word_1_236' title='bbox 617 3345 797 3408; x_wconf 76' lang='lat' dir='ltr'><strong>Sigon.</strong></span> <span class='ocrx_word' id='word_1_237' title='bbox 822 3360 887 3394; x_wconf 82' lang='lat' dir='ltr'><strong>ex</strong></span> <span class='ocrx_word' id='word_1_238' title='bbox 913 3348 1077 3395; x_wconf 81' lang='lat' dir='ltr'><strong>veteri</strong></span> <span class='ocrx_word' id='word_1_239' title='bbox 1114 3346 1246 3395; x_wconf 85' lang='lat' dir='ltr'><strong>libro</strong></span> <span class='ocrx_word' id='word_1_240' title='bbox 1280 3346 1351 3394; x_wconf 87' lang='lat' dir='ltr'><strong>le·</strong></span> <span class='ocrx_word' id='word_1_241' title='bbox 1434 3346 1571 3395; x_wconf 77' lang='lat' dir='ltr'><strong>inter</strong></span> <span class='ocrx_word' id='word_1_242' title='bbox 1612 3345 1830 3405; x_wconf 76' lang='lat' dir='ltr'><strong>Alsium,</strong></span> <span class='ocrx_word' id='word_1_243' title='bbox 1873 3352 1927 3392; x_wconf 81' lang='lat' dir='ltr'><strong>et</strong></span> <span class='ocrx_word' id='word_1_244' title='bbox 1962 3344 2110 3392; x_wconf 77' lang='lat' dir='ltr'><strong>Ostia</strong></span> <span class='ocrx_word' id='word_1_245' title='bbox 2153 3340 2391 3390; x_wconf 77' lang='lat' dir='ltr'><strong>Tiberina</strong></span> <span class='ocrx_word' id='word_1_246' title='bbox 2431 3343 2486 3391; x_wconf 83' lang='lat' dir='ltr'><strong>ia</strong></span> 
     </span>
     <span class='ocr_line' id='line_1_32' title="bbox 304 3416 2486 3487; baseline -0.002 -17"><span class='ocrx_word' id='word_1_247' title='bbox 304 3422 377 3485; x_wconf 78' lang='lat' dir='ltr'><strong>git</strong></span> <span class='ocrx_word' id='word_1_248' title='bbox 396 3422 675 3486; x_wconf 65' lang='lat' dir='ltr'><strong>Fregenae,</strong></span> <span class='ocrx_word' id='word_1_249' title='bbox 700 3423 837 3486; x_wconf 85' lang='lat' dir='ltr'><strong>quod</strong></span> <span class='ocrx_word' id='word_1_250' title='bbox 860 3424 1126 3487; x_wconf 70' lang='lat' dir='ltr'><strong>Fregellas</strong></span> <span class='ocrx_word' id='word_1_251' title='bbox 1154 3422 1355 3473; x_wconf 85' lang='lat' dir='ltr'><strong>colonia</strong></span> <span class='ocrx_word' id='word_1_252' title='bbox 1436 3422 1660 3473; x_wconf 62' lang='lat' dir='ltr'><strong>Etruria</strong></span> <span class='ocrx_word' id='word_1_253' title='bbox 1694 3422 1930 3485; x_wconf 71' lang='lat' dir='ltr'><strong>Latiique</strong></span> <span class='ocrx_word' id='word_1_254' title='bbox 1959 3418 2194 3475; x_wconf 78' lang='lat' dir='ltr'><strong>confinio,</strong></span> <span class='ocrx_word' id='word_1_255' title='bbox 2219 3416 2282 3465; x_wconf 86' lang='lat' dir='ltr'><strong>ad</strong></span> <span class='ocrx_word' id='word_1_256' title='bbox 2319 3422 2486 3465; x_wconf 86' lang='lat' dir='ltr'><strong>ortum</strong></span> 
     </span>
     <span class='ocr_line' id='line_1_33' title="bbox 304 3490 2399 3563; baseline -0.002 -20"><span class='ocrx_word' id='word_1_257' title='bbox 304 3496 523 3547; x_wconf 76' lang='lat' dir='ltr'><strong>deducta</strong></span> <span class='ocrx_word' id='word_1_258' title='bbox 545 3507 685 3548; x_wconf 73' lang='lat' dir='ltr'><strong>esset</strong></span> <span class='ocrx_word' id='word_1_259' title='bbox 706 3498 773 3549; x_wconf 76' lang='lat' dir='ltr'><strong>A.</strong></span> <span class='ocrx_word' id='word_1_260' title='bbox 794 3500 862 3547; x_wconf 90' lang='lat' dir='ltr'><strong>U.</strong></span> <span class='ocrx_word' id='word_1_261' title='bbox 887 3500 947 3550; x_wconf 85' lang='lat' dir='ltr'><strong>C.</strong></span> <span class='ocrx_word' id='word_1_262' title='bbox 973 3503 1090 3549; x_wconf 72' lang='lat'><strong>⁸2⁷.</strong></span> <span class='ocrx_word' id='word_1_263' title='bbox 1160 3499 1351 3561; x_wconf 72' lang='lat' dir='ltr'><strong>Frege·</strong></span> <span class='ocrx_word' id='word_1_264' title='bbox 1432 3498 1612 3563; x_wconf 86' lang='lat' dir='ltr'><strong>oppidi</strong></span> <span class='ocrx_word' id='word_1_265' title='bbox 1637 3495 1900 3559; x_wconf 82' lang='lat' dir='ltr'><strong>maritimi,</strong></span> <span class='ocrx_word' id='word_1_266' title='bbox 1922 3494 2058 3560; x_wconf 85' lang='lat' dir='ltr'><strong>quod</strong></span> <span class='ocrx_word' id='word_1_267' title='bbox 2083 3493 2236 3543; x_wconf 78' lang='lat' dir='ltr'><strong>hodie</strong></span> <span class='ocrx_word' id='word_1_268' title='bbox 2259 3490 2399 3539; x_wconf 76' lang='lat' dir='ltr'><strong>Palo.</strong></span> 
     </span>
     <span class='ocr_line' id='line_1_34' title="bbox 304 3575 1352 3626; baseline 0.002 -4"><span class='ocrx_word' id='word_1_269' title='bbox 304 3588 477 3623; x_wconf 75' lang='lat' dir='ltr'><strong>aarum</strong></span> <span class='ocrx_word' id='word_1_270' title='bbox 500 3581 673 3624; x_wconf 80' lang='lat' dir='ltr'><strong>autem</strong></span> <span class='ocrx_word' id='word_1_271' title='bbox 708 3575 980 3625; x_wconf 65' lang='lat' dir='ltr'><strong>maritima</strong></span> <span class='ocrx_word' id='word_1_272' title='bbox 1010 3575 1224 3626; x_wconf 66' lang='lat' dir='ltr'><strong>colonia</strong></span> <span class='ocrx_word' id='word_1_273' title='bbox 1248 3589 1352 3624; x_wconf 82' lang='lat' dir='ltr'><strong>me·</strong></span> 
     </span>
    </p>
   </div>
   <div class='ocr_carea' id='block_1_7' title="bbox 1173 3834 1620 3902">
    <p class='ocr_par' dir='ltr' id='par_1_10' title="bbox 1173 3834 1620 3902">
     <span class='ocr_line' id='line_1_35' title="bbox 1173 3834 1620 3902; baseline -0.004 -3"><span class='ocrx_word' id='word_1_274' title='bbox 1173 3834 1357 3901; x_wconf 84' lang='lat' dir='ltr'><strong>LIB.</strong></span> <span class='ocrx_word' id='word_1_275' title='bbox 1434 3834 1620 3902; x_wconf 83' lang='lat' dir='ltr'><strong>XX.</strong></span> 
     </span>
    </p>
   </div>
   <div class='ocr_carea' id='block_1_8' title="bbox 383 4015 2478 4105">
    <p class='ocr_par' dir='ltr' id='par_1_11' title="bbox 383 4015 2478 4105">
     <span class='ocr_line' id='line_1_36' title="bbox 383 4015 2478 4105; baseline -0.002 -19"><span class='ocrx_word' id='word_1_276' title='bbox 383 4021 793 4105; x_wconf 86' lang='lat' dir='ltr'><strong>Spoletium¹</strong></span> <span class='ocrx_word' id='word_1_277' title='bbox 826 4020 1093 4085; x_wconf 84' lang='lat' dir='ltr'><strong>colonia</strong></span> <span class='ocrx_word' id='word_1_278' title='bbox 1120 4018 1407 4084; x_wconf 87' lang='lat' dir='ltr'><strong>deducta</strong></span> <span class='ocrx_word' id='word_1_279' title='bbox 1436 4024 1561 4083; x_wconf 89' lang='lat' dir='ltr'><strong>est.</strong></span> <span class='ocrx_word' id='word_1_280' title='bbox 1628 4018 1974 4084; x_wconf 86' lang='lat' dir='ltr'><strong>Adversus</strong></span> <span class='ocrx_word' id='word_1_281' title='bbox 2006 4015 2287 4097; x_wconf 83' lang='lat' dir='ltr'><strong>Ligures</strong></span> <span class='ocrx_word' id='word_1_282' title='bbox 2319 4025 2478 4083; x_wconf 87' lang='lat' dir='ltr'><strong>tunc</strong></span> 
     </span>
    </p>
   </div>
   <div class='ocr_carea' id='block_1_9' title="bbox 1223 4164 1555 4187">
    <p class='ocr_par' dir='ltr' id='par_1_12' title="bbox 1223 4164 1555 4187">
     <span class='ocr_line' id='line_1_37' title="bbox 1223 4164 1555 4187; baseline 0.012 -4"><span class='ocrx_word' id='word_1_283' title='bbox 1223 4164 1368 4185; x_wconf 69' lang='lat' dir='ltr'><strong>eom</strong></span> <span class='ocrx_word' id='word_1_284' title='bbox 1374 4164 1555 4187; x_wconf 63' lang='grc' dir='ltr'><strong>00Μο</strong></span> 
     </span>
    </p>
   </div>
   <div class='ocr_carea' id='block_1_10' title="bbox 362 4244 2478 4315">
    <p class='ocr_par' dir='ltr' id='par_1_13' title="bbox 362 4244 2478 4315">
     <span class='ocr_line' id='line_1_38' title="bbox 362 4244 2478 4315; baseline -0.003 -13"><span class='ocrx_word' id='word_1_285' title='bbox 362 4258 386 4302; x_wconf 75' lang='lat'>1</span> <span class='ocrx_word' id='word_1_286' title='bbox 424 4253 665 4315; x_wconf 72' lang='lat' dir='ltr'><strong>spoletum</strong></span> <span class='ocrx_word' id='word_1_287' title='bbox 682 4252 843 4303; x_wconf 85' lang='lat' dir='ltr'><strong>Gron.</strong></span> <span class='ocrx_word' id='word_1_288' title='bbox 864 4252 1017 4303; x_wconf 79' lang='lat' dir='ltr'><strong>Crev.</strong></span> <span class='ocrx_word' id='word_1_289' title='bbox 1060 4250 1329 4315; x_wconf 72' lang='lat' dir='ltr'><strong>Ppoletim</strong></span> <span class='ocrx_word' id='word_1_290' title='bbox 1350 4249 1472 4302; x_wconf 82' lang='lat' dir='ltr'><strong>edd.</strong></span> <span class='ocrx_word' id='word_1_291' title='bbox 1495 4254 1618 4299; x_wconf 80' lang='lat' dir='ltr'><strong>ante</strong></span> <span class='ocrx_word' id='word_1_292' title='bbox 1638 4249 1816 4312; x_wconf 70' lang='lat' dir='ltr'><strong>Sigon.</strong></span> <span class='ocrx_word' id='word_1_293' title='bbox 1881 4248 2008 4299; x_wconf 78' lang='lat' dir='ltr'><strong>Mox</strong></span> <span class='ocrx_word' id='word_1_294' title='bbox 2031 4251 2102 4297; x_wconf 71' lang='lat' dir='ltr'><strong>est</strong></span> <span class='ocrx_word' id='word_1_295' title='bbox 2123 4244 2227 4296; x_wconf 86' lang='lat' dir='ltr'><strong>del.</strong></span> <span class='ocrx_word' id='word_1_296' title='bbox 2249 4244 2478 4297; x_wconf 76' lang='lat' dir='ltr'><strong>Oreo.—</strong></span> 
     </span>
    </p>
   </div>
  </div>
 </body>
</html>
