3159 4959
542 431 717 497 5722

1505 443 1574 490 Τ.
1627 443 1810 490 blvss

866 585 1149 647 tendebat
1175 587 1330 644 enim
1346 583 1679 663 frequentes
1703 593 1832 643 toto
1849 582 2094 643 adverso
2109 583 2422 661 corpore)‘
2447 577 2762 660 gladioque

866 681 1110 752 diffisus,
1150 683 1485 761 imperator,
1526 700 1662 760 spes
1693 691 1829 739 tuas
1866 679 1958 737 his
1995 676 2216 736 nullius
2249 696 2385 736 usus
2424 676 2600 755 lignis
2625 699 2766 737 con-

866 777 1106 838 credes.
1088 779 1113 820 ‘²
1136 777 1229 837 At
1254 779 1369 836 ista
1387 776 1777 835 Phoenicibus
1795 785 1858 834 et
1872 775 2172 883 AEgyptiis
2195 772 2375 850 dignu
2397 783 2487 832 ent
2510 773 2764 832 militia.

868 875 1038 934 nobis
1060 883 1274 933 terram
1298 873 1561 952 praebe,
1546 891 1606 930 ιιι
1635 891 1756 951 qua
1783 880 1887 930 aut
1905 869 2142 931 vincere
2177 879 2282 928 aut
2305 869 2659 928 occumbere
2673 867 2767 928 di-

865 968 1155 1029 dicimus.’
1240 969 1359 1027 Ille
1404 968 1550 1026 nihil
1580 967 1656 1026 nd
1685 969 1815 1026 haec
1841 987 1856 1025 z
1899 965 2002 1025 sed
2027 976 2174 1025 nutu
2191 973 2443 1035 tantum,
2471 983 2766 1043 manuque

870 1073 1033 1123 motu
1068 1062 1379 1124 ostendens
1423 1064 1642 1122 bonum
1678 1063 1938 1120 animum
1984 1061 2040 1120 ei
2083 1061 2440 1130 habendum,
2468 1059 2766 1140 praeteriit.

870 1161 993 1219 Sed
1016 1162 1139 1239 ipse
1164 1160 1413 1218 tristium
1441 1161 1636 1238 potius
1669 1177 1848 1236 quam
1875 1157 2178 1215 meliorum
2205 1157 2446 1234 obJecta
2487 1157 2764 1233 imagine,

868 1256 1003 1316 vela
1028 1257 1377 1335 comportari
1394 1256 1656 1334 jubebat
1696 1256 1756 1312 in
1783 1273 1984 1325 naves,
2023 1261 2090 1310 ut
2113 1251 2342 1311 scilicet
2380 1251 2768 1331 persequendi

868 1352 1150 1430 fugitivos
1178 1353 1376 1411 hostes
1400 1350 1655 1410 facultas
1679 1350 1852 1409 foret.

946 1453 1047 1507 46.
1092 1447 1187 1507 At
1214 1447 1438 1516 Caesar,
1476 1446 1726 1505 consilio
1753 1443 2004 1503 Antonii
2046 1463 2124 1502 ex
2167 1442 2481 1520 transfugis
2509 1445 2767 1520 cognito,

864 1545 981 1602 sibi
1008 1562 1243 1622 quoque
1272 1551 1409 1600 ante
1450 1541 1765 1600 discrimen
1793 1539 2082 1617 agendum
2115 1558 2250 1598 cum
2291 1539 2554 1598 exercitu
2587 1549 2767 1608 ratus»,

868 1636 1159 1715 ejusmodi
1182 1638 1507 1696 orationem
1549 1637 1797 1695 habuit:
1856 1643 1874 1669 ‘
1895 1634 2161 1693 Eventus
2197 1632 2488 1692 bellorum
2523 1653 2630 1712 pro
2661 1635 2767 1692 bo-

870 1732 1053 1790 nitate
1076 1750 1269 1790 causae
1296 1731 1636 1810 plerumque
1653 1730 1890 1808 justitia
1914 1730 2216 1787 numinum
2261 1727 2606 1807 dispensari,
2651 1749 2764 1787 non

868 1825 1045 1884 hodie
1078 1827 1315 1885 demum
1350 1827 1546 1886 herive
1579 1825 1742 1886 credi
1781 1825 1982 1905 coepit,
2003 1823 2108 1883 sed
2139 1843 2218 1883 ex
2253 1825 2410 1883 omni
2439 1832 2768 1904 temporum

870 1922 1155 1982 memoria
1176 1924 1469 1982 constanti
1497 1923 1752 2002 priorum
1779 1921 2186 1980 observatione
2223 1919 2408 1980 veluti
2436 1939 2538 1998 per
2562 1939 2768 1979 manus

870 2018 1151 2076 traditum
1188 2027 1296 2077 est.
1384 2018 1577 2095 Igitur
1617 2016 1760 2078 licet
1790 2019 1877 2076 ita
1913 2016 2102 2095 parati
2131 2015 2331 2085 simus,
2375 2023 2440 2073 ut
2461 2015 2556 2075 vel
2584 2017 2768 2096 injus-

872 2121 995 2170 tum
1022 2112 1243 2171 bellum
1269 2113 1411 2171 satis
1450 2111 1600 2172 felix
1635 2111 1760 2172 fore
1796 2111 2091 2172 confidere
2117 2110 2474 2178 debeamus3
2521 2110 2654 2190 plus
2679 2121 2766 2170 ta-

872 2227 1005 2266 men
1032 2205 1266 2267 fiduciae
1294 2209 1353 2265 in
1380 2228 1453 2266 eo
1477 2227 1720 2287 repono,
1745 2208 2030 2286 vobisque
2057 2205 2376 2285 reponendi
2395 2225 2523 2264 sum
2543 2215 2766 2276 auctor,

870 2301 1030 2380 quod
1056 2323 1173 2363 non
1207 2303 1423 2363 facturi
1464 2304 1757 2381 injuriam,
1785 2302 1890 2362 sed
1925 2304 2274 2362 intentatam
2311 2301 2619 2382 repulsuri,
2655 2304 2768 2363 hoc

869 2399 1153 2478 quicquid
1178 2408 1267 2458 est
1290 2399 1531 2479 periculi
1558 2399 1903 2458 subibimus.

950 2501 1049 2556 47.
1092 2504 1110 2530 ‘
1138 2495 1375 2572 Ecquid
1409 2495 1565 2554 enim
1601 2493 1883 2554 Romano
1925 2493 2168 2573 populo,
2213 2495 2468 2571 gentium
2510 2495 2768 2555 omnium

870 2589 1142 2668 principi,
1168 2588 1576 2668 plerarumque
1603 2591 1837 2658 victori,
1857 2587 2122 2648 accidere
2143 2589 2438 2667 indignius
2463 2592 2766 2668 potuisset,

868 2704 1044 2762 quam
1068 2685 1231 2763 quod
1254 2685 1533 2743 adversus
1560 2685 1966 2764 Cleopatram,
1989 2686 2156 2764 quusi
2179 2685 2429 2756 hostem,
2455 2695 2622 2745 tanto
2637 2705 2767 2746 cum

869 2788 1159 2856 apparatu
1178 2779 1472 2857 proficisci
1490 2781 1799 2857 cogimur?
1843 2780 2000 2839 Sane
2025 2801 2136 2858 ego
2159 2781 2270 2840 hac
2292 2781 2483 2841 nuntii
2509 2780 2768 2842 foeditate

870 2893 984 2931 non
1010 2873 1223 2944 solum,
1248 2875 1299 2933 si
1330 2876 1431 2954 qui
1461 2877 1720 2934 munium
1747 2896 1948 2935 sensus
1969 2885 2081 2946 est,
2109 2875 2283 2936 valde
2301 2879 2626 2959 permoveri
2653 2877 2769 2936 Fa-

868 2969 1104 3038 bricios,
1132 2967 1578 3049 Scipionesque,
1607 2981 1670 3030 et
1695 2971 1966 3030 AEmilios
1991 2981 2192 3051 putem
2221 2991 2238 3039 3
2283 2972 2386 3031 sed
2413 2974 2593 3031 etiam
2611 2971 2768 3050 Pyr-

870 3063 1059 3133 rhum,
1076 3073 1138 3122 et
1156 3085 1291 3123 cum
1312 3065 1602 3146 Philippo
1621 3066 1914 3144 Magnum
1937 3065 2330 3138 Antiochum,
2347 3079 2409 3127 et
2421 3066 2771 3127 clarissimos

870 3157 1193 3219 Poenorum
1239 3162 1533 3241 principes
1572 3163 1938 3232 erubescere,
1975 3163 2026 3220 si
2070 3163 2374 3222 mulierem
2425 3163 2768 3242 AEgyptium

870 3255 1207 3332 intelligant
1229 3276 1363 3316 cum
1392 3258 1480 3314 his
1504 3257 1880 3327 contendere,
1908 3276 2154 3336 quorum
2202 3277 2238 3316 a
2275 3260 2594 3338 maJoribus
2619 3257 2767 3317 tanti

871 3351 981 3426 ipsi
1016 3369 1176 3425 reges
1214 3353 1706 3428 imperatoresque
1733 3352 1877 3410 victi
1915 3360 2067 3410 suut.
2151 3351 2374 3431 Neque
2414 3372 2553 3413 vero
2579 3353 2768 3411 meriti

870 3444 1023 3500 hunc
1070 3444 1447 3520 ignominiam
1488 3464 1704 3514 sumus,
1749 3447 1962 3525 quibus
2003 3445 2207 3505 Gallia
2241 3449 2512 3518 subacta,
2555 3448 2769 3526 quibus

873 3537 1197 3596 Pannones
1217 3538 1295 3597 ud
1336 3539 1555 3598 Istrum
1585 3561 1770 3619 usque
1793 3542 2024 3610 domiti,
2067 3544 2458 3622 transitusque
2485 3541 2761 3614 Rhenus,

871 3641 936 3690 et
956 3633 1013 3690 in
1040 3632 1409 3693 Britanniam
1436 3637 1670 3713 trajecti
1697 3638 2032 3705 exercitu&
2052 3638 2195 3695 sutis
2229 3637 2481 3696 illustria
2501 3639 2765 3698 testimo-

873 3728 973 3786 nia
994 3738 1150 3801 sunt,
1178 3728 1325 3788 nihil
1349 3749 1454 3789 nos
1480 3750 1514 3789 n
1542 3733 1799 3810 priorum
1826 3733 2042 3792 virtute
2065 3731 2364 3793 defecisse.

936 3909 955 3942 ¹
986 3910 1323 3975 Transitunque
1372 3911 1579 3972 Rheno,
1631 3918 1679 3962 et
1725 3915 1778 3962 in
1859 3913 1910 3962 in
1933 3913 2258 3964 Britanniam
2293 3915 2608 3964 exercitibus
2640 3915 2768 3964 nihil

875 3973 951 4021 Br
952 3975 1181 4023 ιἰαιιιιὲαηι
1256 3983 1307 4025 ιι·
1280 3975 1448 4034 rnjece·
1518 3977 1778 4040 exercitus]
1861 3993 1914 4025 re
1888 3979 2163 4040 eperimus,
2199 3979 2296 4028 nisi
2319 3979 2454 4040 quod
2481 3980 2618 4029 idem
2644 3981 2766 4042 Dio,

870 4037 969 4084 Tra
942 4052 1031 4085 usn
1010 4040 1161 4086 situm
1188 4039 1253 4086 ub
1278 4040 1511 4101 Agrippa
1530 4055 1592 4087 cu
1576 4055 1644 4088 ιιι
1631 4043 1778 4090 icae-
1859 4043 1895 4090 l.
1912 4055 2062 4091 xux·
2085 4052 2262 4092 narrat
2281 4044 2540 4092 can-sarem
2565 4045 2617 4093 in
2641 4043 2764 4092 Gul-

870 4103 1089 4152 sarianis
1132 4103 1271 4164 copii
1258 4119 1297 4151 ιι
1348 4105 1580 4154 Rhenum
1614 4119 1782 4178 ‘supra
1861 4108 1980 4155 liam
2005 4105 2294 4170 profectum
2329 4123 2444 4158 esse
2475 4123 2540 4157 eo
2579 4109 2766 4162 animo,

873 4178 1003 4236 ruf-m
1006 4181 1124 4214 οων
1100 4167 1173 4214 vit
1196 4181 1261 4214 ex
1300 4168 1365 4216 Di
1352 4183 1465 4218 ioue
1508 4168 1606 4216 Fre
1579 4183 1687 4217 ειιιι
1692 4171 1778 4218 ue·
1861 4170 1994 4220 utin
2021 4172 2365 4234 Britanniam,
2401 4173 2566 4234 putri·
2593 4187 2764 4222 exem·

873 4235 1377 4286 nn-1u³,cxxvm.28.
1448 4233 1525 4281 De
1552 4233 1780 4296 trajectis
1861 4235 1966 4299 plo,
2010 4236 2296 4301 trajiceret,
2336 4237 2428 4287 sed
2469 4243 2765 4287 revocatum
