3159 4959
848 426 1057 477 unni
1106 426 1442 477 cxxxvi.
1488 428 1831 477 suenum
1847 428 2130 479 surum.
2419 412 2606 481 ⁵84?-

376 566 557 627 ruisse
582 565 747 627 fratri
768 566 1053 628 creditum
1074 568 1187 629 sibi
1210 587 1247 628 a
1276 568 1614 629 Maecenate
1631 576 1924 634 secretum
1951 579 2267 651 comperta
2326 582 2526 635 Succos.

380 664 827 741 conjurationis,
844 683 1034 743 eoque
1056 665 1340 724 maturius
1362 663 1580 743 fugisse
1601 683 1752 735 reos,
1777 666 1982 727 Caesar
2005 668 2270 746 suspica·
2291 647 2420 761 ffi'g·
2437 653 2526 701 ω·

378 766 493 829 tus,
520 778 657 819 cum
682 778 871 837 neque
892 758 1199 819 defuturos
1224 768 1457 839 putaret
1474 762 1579 840 qui
1595 762 1988 831 absolverent,
2007 762 2058 820 si
2083 761 2270 821 latere
2399 744 2414 761 ⁰

378 855 745 933 potuissent;
788 854 981 933 legem
1020 856 1162 914 tulit
1190 855 1267 915 de
1312 856 1403 915 his
1437 858 1537 933 qui
1566 856 1866 934 judicium
1900 856 2272 936 defugerent,

374 950 467 1009 'uti
490 949 595 1011 hos
620 950 890 1009 damnari
925 951 1195 1009 absentes
1228 949 1322 1009 fas
1345 960 1528 1036 esset,⁸
1542 959 1606 1010 et
1629 952 1691 1009 in
1716 952 1936 1011 talibus
1959 953 2150 1013 causis
2163 956 2274 1031 ju·

376 1044 541 1105 dices
563 1044 765 1125 palam
788 1044 1069 1122 suffragia
1094 1044 1330 1104 ferrent.
1400 1043 1479 1104 Id
1498 1045 1776 1106 utilitatis
1796 1046 2051 1127 publicae
2065 1068 2270 1121 causa,

378 1160 493 1199 non
528 1136 571 1200 a'
604 1143 841 1222 propria
876 1142 963 1201 ira
994 1141 1201 1201 fecisse
1230 1140 1551 1212 Caesarern,
1580 1152 1928 1219 argumento
1961 1143 2077 1203 fnit
2107 1144 2266 1223 quod

376 1237 658 1317 sequitur.

454 1339 558 1392 12.
601 1331 757 1392 Cum
783 1352 939 1411 aqua
962 1341 1023 1391 et
1048 1333 1166 1411 igni
1189 1334 1304 1392 reis
1328 1333 1698 1395 interdictum
1722 1344 1896 1405 esset,
1924 1334 2264 1416 Caepionem
2322 1348 2542 1397 Macrob-

374 1448 573 1487 servus
597 1428 657 1486 in
683 1429 833 1487 cista
855 1428 1071 1488 detulit
1094 1428 1170 1489 ad
1195 1429 1455 1489 Tiberim
1481 1449 1495 1489 ε
1526 1440 1980 1511 pervectumque
2006 1430 2266 1503 Ostiam,
2289 1412 2389 1463 3¹¹²·
2410 1429 2449 1463 ¹·
2473 1415 2556 1460 ¹¹·

375 1525 437 1583 in
484 1523 901 1582 Laurentinum
946 1526 1128 1603 patris
1169 1523 1467 1605 Caepionis
1504 1535 1682 1585 noctu
1731 1526 2026 1607 perduxit.
2109 1526 2266 1587 Inde

376 1618 533 1679 clam
574 1640 883 1699 pervenere
923 1619 1164 1690 Cumas,
1191 1641 1626 1700 conscensoque
1659 1624 1922 1699 navigio,
1951 1631 2266 1701 tempesta-

374 1715 533 1774 tibus
573 1714 652 1775 ad
692 1714 761 1774 N
763 1716 997 1796 eapolin
1038 1718 1237 1794 ejecti,
1274 1736 1408 1777 cum
1453 1717 1834 1798 proderentur
1852 1738 1870 1788 3
1917 1719 1974 1775 in
2013 1738 2088 1779 ea
2121 1720 2266 1778 urbe

372 1829 571 1870 servus
611 1809 953 1891 Coepionem
992 1812 1332 1873 abscondit:
1376 1822 1780 1894 exceptusque
1821 1833 1859 1871 a
1900 1816 2264 1885 centurione,

372 1924 483 1965 nec
508 1907 570 1967 vi
594 1926 703 1966 nec
728 1907 921 1977 minis,
944 1916 1013 1967 ut
1046 1907 1347 1967 dominum
1382 1909 1674 1989 proderet,
1701 1910 2026 1988 expugnari
2053 1910 2264 1989 potuit.

375 2000 548 2061 Hero
569 2010 765 2061 tamen
791 2002 983 2081 pietas
1006 2022 1079 2061 ea
1104 2021 1221 2061 non
1255 2003 1497 2083 profuit,
1524 2005 1668 2082 quin
1695 2003 1934 2063 alterius
1957 2006 2112 2063 servi
2135 2024 2262 2062 sce·
2287 2016 2403 2069 Dio.

373 2094 497 2155 lere
521 2096 934 2177 deprehensus,
974 2117 1175 2177 poenas
1208 2108 1395 2157 morte
1420 2097 1608 2157 daret.
1692 2098 1768 2157 In
1795 2098 1884 2157 bis
1901 2098 2132 2157 duobus
2157 2118 2275 2178 pa..

372 2202 462 2251 ter
503 2192 711 2271 Caepio
753 2192 1044 2253 liberrime
1081 2194 1261 2251 animi
1291 2194 1381 2252 sui
1404 2192 1698 2272 judicium
1731 2196 2019 2264 exercuit,
2059 2213 2264 2253 manu-

373 2288 551 2347 misso
591 2286 757 2347 fideli
800 2307 968 2348 servo
984 2307 1002 2356 ς
1047 2288 1339 2368 proditore
1386 2288 1465 2347 ad
1514 2288 1871 2368 supplicium
1919 2290 2112 2349 crucis
2161 2310 2266 2370 per

373 2381 633 2441 medium
656 2382 847 2441 forum
873 2392 1063 2463 rapto,
1092 2392 1155 2441 et
1182 2382 1413 2442 titulum
1442 2384 1635 2444 meriti
1665 2382 1864 2462 palam
1899 2384 2266 2463 praeferente.

377 2476 559 2536 Unde
622 2485 684 2537 et
732 2478 855 2557 ipse
906 2496 1025 2539 non
1084 2477 1387 2557 inglorius),
1443 2486 1503 2537 et
1544 2478 1847 2538 celebrata
1903 2480 2265 2539 sermonibus

374 2572 637 2649 Augusti
678 2576 929 2653 aequitas
967 2572 1099 2643 fuit,
1146 2576 1274 2634 haec
1324 2575 1523 2635 omnia
1559 2574 1722 2635 civili
1765 2576 1958 2633 animo
2001 2574 2259 2634 ferentis.

373 2666 594 2747 Neque
635 2668 963 2740 dubitatur,
1022 2670 1165 2748 quin
1206 2670 1385 2729 etiam
1437 2670 1810 2748 iniquissimis
1860 2669 2262 2733 satisfacturus
2317 2689 2519 2739 Sueten.

368 2764 582 2827 fuerit:
624 2768 737 2827 nisi
758 2788 896 2827 mox
933 2770 993 2827 in
1021 2768 1257 2846 judicio
1294 2766 1597 2839 Castricii,
1625 2788 1728 2847 per
1751 2787 1926 2847 quem
1952 2766 2028 2827 de
2051 2769 2258 2846 conju·
2283 2752 2582 2867 33:10st

368 2864 593 2927 ratione
636 2873 1011 2943 cog-noverat,
1046 2873 1292 2924 exorato
1324 2884 1523 2924 eoram
1552 2863 1860 2942 judicibus
1897 2872 2258 2934 accusatore,
2383 2852 2398 2867 ⁰

369 2978 533 3017 reum
560 2960 882 3038 eripuisset.
951 2960 1152 3021 Etiam
1179 2960 1431 3019 Murena
1456 2958 1852 3038 deprehensus
1867 2960 2056 3038 periit.
2141 2959 2260 3019 Cui

372 3053 708 3113 Athenaeus
727 3055 1100 3133 philosophus
1141 3054 1401 3113 Romam
1442 3053 1751 3124 deductus,
1787 3074 1922 3113 eum
1949 3054 2104 3131 sugae
2129 3063 2260 3114 tan-
2315 3076 2498 3131 Strabo,

370 3158 519 3220 tum,
549 3168 665 3209 non
690 3150 871 3209 etiarn
896 3149 1131 3209 sceleris
1162 3150 1355 3209 socius
1376 3148 1555 3209 fuisse
1581 3148 1898 3217 videretur,
1919 3149 1996 3207 ab
2023 3148 2260 3209 Coesare
2284 3144 2592 3203 ¹¹V·P·⁶⁷⁰=

370 3243 643 3303 dimissus
664 3252 773 3305 est.
857 3244 1091 3304 Eodem
1114 3253 1398 3324 tempore,
1426 3244 1693 3323 Cyprum
1719 3250 1783 3303 et
1807 3241 2258 3303 Narbonensem
2284 3267 2398 3318 Dio.

372 3339 661 3412 Galliam,
682 3348 925 3420 pacatas
937 3341 1071 3417 jam
1106 3339 1457 3420 provincias,
1500 3337 1720 3418 populo
1743 3336 1992 3397 restituit
2019 3336 2256 3398 (ἕως

370 3443 431 3494 et
454 3455 529 3495 ex
555 3456 627 3495 eo
651 3434 1023 3515 proconsules
1042 3437 1099 3494 in
1127 3436 1233 3495 has
1252 3436 1427 3495 missi.

452 3538 553 3591 13.
593 3530 747 3591 Tum
770 3540 833 3591 et
858 3531 1043 3591 aedem
1071 3531 1241 3591 Jovis
1262 3529 1546 3591 Tonantis
1572 3530 1632 3589 in
1661 3530 1980 3610 Capitolio,
2005 3551 2258 3591 marmo-
2313 3560 2509 3611 Suetus.

368 3626 484 3683 reis
507 3645 583 3685 ex
604 3624 795 3687 solida
818 3626 996 3705 gleba
1018 3628 1337 3707 parietibus
1374 3634 1676 3697 structam,
1717 3626 2051 3695 dedicavit;
2097 3626 2260 3687 bello
2284 3628 2410 3701 ¹¹3³ss-
2432 3630 2522 3675 ²⁹·

374 3720 734 3782 Cantabrico
757 3730 977 3794 votam,
1004 3742 1139 3781 cum
1166 3742 1270 3802 per
1298 3732 1644 3785 nocturnum
1675 3723 1783 3782 iter
1817 3724 2088 3783 lecticam
2129 3725 2260 3801 ejus
2282 3688 2447 3801 Dss‘l'i‘„

368 3816 567 3895 fulgur
605 3817 1049 3896 perstrinxisset,
1086 3838 1431 3897 servumque
1470 3818 1884 3898 praelucentem
1925 3818 2259 3878 exanimas-
2283 3830 2472 3865 ¹¹¹v1·
2493 3820 2547 3867 θ·

368 3922 477 3973 set.
559 3910 710 3971 Tum
751 3931 989 3991 quoque
1026 3914 1178 3973 inter
1222 3914 1348 3993 ipsa
1388 3933 1561 3973 sacra
1595 3915 1850 3973 tonuisse
1895 3921 2256 3973 memorant:
2280 3880 2477 3991 {³3th

368 4008 751 4085 oblatumque
776 4017 983 4087 postea
1007 4010 1291 4068 somnium
1316 4010 1396 4075 ei,
1421 4007 1636 4067 Jovem
1662 4007 2065 4088 Capitolinum
2093 4008 2256 4087 queri
2312 4007 2514 4059 Sueten.

367 4088 577 4175 risum,
604 4102 765 4184 quod
788 4104 1041 4165 cultores
1072 4106 1149 4163 ab
1190 4125 1253 4164 se
1293 4103 1735 4164 abducerentur.
1819 4102 1986 4163 Nam
2022 4112 2259 4188 propter
2281 4070 2413 4183 ἓξὲξ·
2435 4076 2523 4122 ⁹¹⁸

368 4200 619 4259 nominis
643 4210 705 4261 et
726 4199 931 4262 formae
945 4201 1288 4272 novitatem,
1314 4210 1376 4260 et
1392 4199 1551 4278 quod
1570 4200 1990 4260 nobilissimum
2017 4198 2261 4259 Leocrae
2284 4196 2472 4313 ¹1:223.
2492 4266 2550 4313 8-
