3159 4959
876 435 1079 483 mum
1131 434 1465 483 cxxxiv.
1509 436 2156 489 suernnmnn‘run.
2457 423 2630 489 580⁷

490 583 591 639 79.
637 576 763 636 Sub
786 576 917 633 haec
940 584 1205 653 tempora
1230 574 1648 653 commagenae
1671 596 1774 635 rex
1805 577 2144 637 Antiochus
2169 598 2307 637 evo-
2329 586 2447 646 Dio.

408 681 579 732 catus
631 694 667 731 a
712 672 969 740 Caesare,
1012 681 1191 750 atque
1234 672 1291 729 in
1326 683 1533 731 senatu
1570 692 1808 732 causam
1849 674 2044 733 dicere
2085 677 2308 751 jussus,

406 768 697 847 supplicio
734 769 973 838 interiit,
1016 767 1174 847 quod
1212 765 1472 845 legatum
1514 768 1774 829 Romam
1817 772 2052 829 missum
2075 776 2097 809 ⁷
2125 791 2163 830 a
2189 770 2308 829 fra·

408 876 499 925 tre
547 864 921 933 Mithridate,
962 882 1215 941 quocum
1246 862 1321 921 lis
1360 872 1489 921 erat
1524 864 1850 933 Antiocho,
1895 886 1998 945 per
2039 866 2306 927 fraudem

408 963 721 1023 occiderat.
806 961 909 1029 Et,
948 979 1021 1017 ne
1061 958 1320 1036 quid'ex
1358 960 1590 1018 traditis
1625 962 2118 1039 praetermittatur,
2167 972 2308 1023 tunc

410 1061 587 1118 etiam
616 1057 865 1137 Capreae
890 1054 1243 1134 patrimonio
1270 1054 1550 1124 Caesaris,
1587 1056 1858 1115 instituta
1891 1076 2024 1116 cum
2055 1056 2120 1115 N
2125 1078 2307 1139 eapo-

404 1156 605 1215 litanis
644 1152 1099 1233 permutatione,
1161 1161 1553 1221 accesserunt,
1615 1172 1794 1231 quam
1843 1154 2092 1212 insulam
2133 1155 2305 1215 ·haud

408 1250 653 1311 maximi
680 1249 875 1329 pretii,
904 1254 1109 1326 postea
1133 1266 1393 1305 secessus
1416 1246 1640 1306 Tiberii
1665 1248 1920 1307 Caesaris
1945 1249 2302 1311 nobilitavit.

410 1348 519 1405 Ab
544 1346 751 1405 iisdem
778 1342 1201 1421 Neapolitanis
1236 1341 1628 1419 Leucogaeum
1663 1344 1878 1403 collem
1914 1345 2184 1417 redemit,
2213 1368 2304 1405 as-
2361 1358 2491 1407 Plin.

408 1442 655 1519 signatis
678 1460 755 1499 ex
799 1436 943 1497 fisco
987 1457 1094 1496 suo
1132 1437 1351 1496 vicenis
1386 1437 1688 1497 millibusa
1729 1441 1976 1507 annuis;
2021 1439 2305 1521 deditque
2333 1438 2488 1473 ΠΨ·
2517 1428 2594 1474 ¹¹·

406 1536 657 1607 colonis,
684 1556 831 1614 quos
849 1534 1125 1614 Capuam
1145 1533 1497 1603 deduxerat,
1516 1534 1726 1594 alicam
1743 1557 1806 1595 se
1825 1535 2117 1613 conficere
2138 1558 2306 1616 posse

404 1636 531 1692 sine
556 1642 741 1700 creta,
772 1633 943 1709 cujus
978 1629 1081 1689 ille
1104 1629 1295 1689 ‘collis
1322 1632 1439 1688 vim
1481 1632 1798 1691 maximam
1846 1634 2048 1701 habet,
2085 1653 2300 1711 negan-

405 1730 581 1790 tibus.
667 1727 827 1787 Hoec
870 1725 1053 1785 ferme
1094 1726 1303 1803 quinto
1350 1724 1604 1784 Caesaris
1645 1727 1954 1787 consulatu
2002 1738 2168 1805 gesta
2211 1749 2299 1787 re-

406 1846 555 1904 peri.

487 1929 585 1980 80.
631 1918 822 1978 Sexto
864 1916 1103 1985 deinde,
1134 1919 1307 1993 cujus
1342 1917 1634 1995 collegam
1675 1918 1768 1977 M.
1813 1918 2141 1998 Agrippam
2175 1939 2300 1979 esse
2329 1931 2444 1989 Dio,
2472 1948 2586 1981 un.

406 2017 618 2086 voluit,
644 2016 723 2075 ad
744 2016 1000 2095 pristinae
1016 2013 1357 2091 reipublicae
1382 2016 1640 2093 speciem
1659 2036 1794 2074 cum
1815 2016 1936 2075 alia
1961 2016 2150 2074 multa
2168 2016 2300 2075 red-

404 2114 547 2191 egit,
574 2122 696 2171 tum
716 2113 919 2177 etiam,
946 2109 1149 2180 divisis
1172 2128 1307 2167 cum
1336 2108 1613 2189 Agrippa
1641 2109 1920 2181 fascibus,
1947 2132 2082 2170 cum
2109 2113 2300 2173 abiret

405 2210 771 2286 magistratu,
816 2205 1083 2265 solenne‘
1098 2204 1517 2282 jusjurandum
1556 2204 1885 2267 adhibuit?
1967 2206 2298 2286 Agrippam
2363 2226 2559 2289 Eutrop.

402 2312 601 2361 autem
647 2302 783 2361 aliis
826 2301 1007 2360 etiam
1051 2298 1367 2363 honoribus
1412 2318 1644 2377 aequare
1681 2302 1796 2359 sibi
1827 2302 2054 2371 solitus,
2090 2304 2300 2365 sororis
2328 2304 2424 2401 {3¹ss
2441 2294 2491 2337 ⁵·

399 2399 637 2458 >elocata
660 2396 811 2467 filia,
838 2396 1117 2455 affinitate
1133 2396 1379 2472 junxit:
1425 2404 1507 2465 et,
1533 2398 1769 2475 quoties
1807 2418 1924 2457 una
1961 2398 2036 2457 ad
2065 2402 2299 2457 'exerci-
2425 2386 2440 2425 ⁷

404 2503 531 2553 tum
570 2503 743 2563 esset,
786 2491 963 2551 simili
1004 2510 1201 2550 secum
1249 2491 1634 2551 tabernaculo
1677 2494 1782 2561 uti,
1823 2512 2056 2573 unaque
2100 2514 2296 2553 secum
2355 2494 2614 2567 Tab.Ca-'

402 2589 547 2649 dare
588 2592 817 2668 signum
856 2588 1055 2667 jussit.
1137 2586 1291 2645 Tum
1332 2595 1529 2645 autem
1572 2589 1852 2667 temporis
1893 2609 2132 2649 censum
2181 2610 2300 2650 una
2323 2596 2619 2707 {gg-⁸1⁸3&-

402 2695 749 2766 peregerunt
774 2684 996 2765 populi,
1015 2683 1378 2761 lusti-umque
1400 2691 1533 2761 post
1548 2703 1764 2743 annum
1789 2684 2038 2744 alterum
2065 2694 2126 2744 et
2149 2704 2298 2763 qua·
2357 2708 2502 2771 Lapis
2518 2710 2623 2758 An-

400 2783 811 2861 dragesimam,
838 2802 876 2841 a
904 2780 973 2839 L.
1003 2778 1209 2839 Gellio
1236 2778 1351 2838 Cn.
1380 2778 1636 2878 Lentulo
1651 2782 2014 2851 censoribus,
2037 2783 2300 2843 censoria
2322 2772 2624 2885 glaofflfflb·

400 2888 691 2957 potestate
716 2878 895 2937 fecit:
938 2896 1057 2955 quo
1082 2875 1263 2935 lustro
1286 2894 1463 2933 censa
1486 2884 1622 2935 sunt
1645 2876 1860 2935 civium
1889 2875 2296 2938 Romanorum
2354 2902 2491 2949 Suid.
2514 2901 2565 2948 in

400 2974 753 3054 quadragies
774 2981 1023 3032 centena
1048 2971 1359 3047 sexaginta
1376 2971 1493 3029 tria
1512 2970 1725 3031 millia.
1812 2972 2106 3053 Princeps
2129 2994 2294 3033 sena·
2322 2965 2616 3025 Αὕνονστοσ·

402 3080 497 3129 tus
522 3072 645 3150 ipse
672 3068 859 3127 lectus
880 3076 991 3135 est,
1012 3076 1077 3126 ut
1106 3066 1353 3125 formam
1392 3067 1648 3144 antiquae
1677 3067 2018 3147 reipublicae
2037 3078 2292 3130 ostenta-
2319 3028 2619 3157 csspinfitig:

398 3176 489 3227 ret
510 3184 524 3225 ε
568 3166 631 3225 id
657 3166 811 3224 enim
838 3162 1278 3223 contentissime
1300 3161 1497 3221 studio
1522 3161 1894 3223 affectabat.⁸
2320 3158 2620 3209 vaunnam

478 3271 579 3323 81.
620 3260 769 3321 Tum
798 3261 975 3319 etiam
1018 3256 1301 3337 templum
1325 3257 1636 3337 Apollinis
1657 3258 1802 3318 olim
1829 3260 2188 3332 inchoatum,
2215 3282 2292 3321 ex
2319 3270 2436 3318 Dio.

402 3358 655 3419 Lunensi
678 3356 933 3418 candido
960 3374 1247 3415 marmore
1290 3353 1613 3434 perfectum
1649 3364 1758 3426 est,
1793 3355 1991 3416 multis
2015 3358 2294 3435 gradibus
2321 3336 2619 3462 vs-Jgfssdn·

398 3454 667 3514 sublime.
751 3452 949 3533 Ipsius
990 3451 1243 3511 numinis
1302 3450 1553 3529 effigiem
1591 3450 1822 3532 Scopas
1859 3452 2000 3512 olim
2043 3453 2292 3513 celebris
2323 3478 2393 3511 νι.
2414 3468 2494 3513 69.
2531 3474 2584 3513 et

398 3550 608 3611 artifex
646 3550 899 3611 fecerat:
944 3548 1005 3608 id
1042 3550 1102 3607 in
1126 3568 1200 3607 eo
1224 3548 1445 3628 templo
1469 3549 1742 3628 positum.
1823 3548 2022 3609 Lucus
2062 3551 2292 3630 insuper
2319 3532 2570 3641 vgffggff‘

2318 3656 2442 3718 Aug.
2465 3661 2544 3708 29.

460 3762 489 3805 7
524 3756 699 3806 Verba
724 3756 925 3805 Romam
946 3755 1143 3804 missum
1176 3754 1396 3804 deerant
1420 3754 1471 3803 in
1503 3754 1628 3805 edd.
1653 3762 1773 3805 ante
1813 3755 1968 3805 Crev.
1999 3770 2116 3820 que
2143 3770 2286 3820 repo·
2312 3718 2565 3835 ngti‘dx'n·

395 3824 497 3872 snit
520 3823 609 3870 ille
634 3836 697 3869 ex
724 3822 914 3868 Dione.
2311 3851 2394 3897 59·

460 3892 493 3936 8
531 3886 667 3935 Add.
686 3890 878 3934 uenatus
897 3882 1016 3932 edd.
1037 3890 1157 3931 ante
1183 3882 1338 3932 Crev.
2345 3910 2469 3959 plin·

1210 4022 1506 4042 Oeoeeeeaoe
2313 3990 2504 4087 ἧῖοινῐο
2525 3982 2574 4027 ὅ.

456 4130 483 4163 ‘¹
522 4118 709 4169 vicenis
751 4114 979 4178 milam]
1028 4113 1303 4163 Sestertio·
1369 4119 1451 4165 78.
1472 4114 1784 4163 semunciam
1813 4119 1858 4163 1.
1895 4117 2033 4163 Creu.
2310 4104 2509 4155 Sueten.

394 4200 504 4233 rum
549 4184 753 4232 scilicet
774 4197 787 4227 ε
842 4193 1057 4244 quorum
1104 4179 1302 4241 pondus
1433 4179 1461 4206 “
1497 4178 1561 4227 Α.
1585 4178 1650 4227 U.
1675 4180 1736 4227 C.
1757 4183 1873 4229 724.
1898 4178 1964 4229 A.
1990 4182 2048 4230 C·
2069 4183 2150 4229 28.

395 4255 569 4313 aequat
589 4260 787 4296 marcas
813 4246 1017 4309 argenti
1042 4250 1299 4294 nostrates
