<?xml version="1.0" encoding="UTF-8"?>
<!DOCTYPE html PUBLIC "-//W3C//DTD XHTML 1.0 Transitional//EN"
    "http://www.w3.org/TR/xhtml1/DTD/xhtml1-transitional.dtd">
<html xmlns="http://www.w3.org/1999/xhtml" xml:lang="en" lang="en">
 <head>
  <title>
</title>
<meta http-equiv="Content-Type" content="text/html;charset=utf-8" />
  <meta name='ocr-system' content='tesseract 3.04.00' />
  <meta name='ocr-capabilities' content='ocr_page ocr_carea ocr_par ocr_line ocrx_word'/>
</head>
<body>
  <div class='ocr_page' id='page_1' title='image "./tliviipatavinih09livygoog_0426.png"; bbox 0 0 3159 4959; ppageno 0'>
   <div class='ocr_carea' id='block_1_1' title="bbox 636 1222 937 1369">
    <p class='ocr_par' dir='ltr' id='par_1_1' title="bbox 636 1222 937 1369">
     <span class='ocr_line' id='line_1_1' title="bbox 640 1222 937 1275; baseline 0.007 -2"><span class='ocrx_word' id='word_1_1' title='bbox 640 1222 773 1273; x_wconf 78' lang='lat' dir='ltr'><strong>ven.</strong></span> <span class='ocrx_word' id='word_1_2' title='bbox 790 1226 937 1275; x_wconf 67' lang='lat'><strong>1109?-</strong></span> 
     </span>
     <span class='ocr_line' id='line_1_2' title="bbox 636 1318 759 1369; baseline -0.008 0"><span class='ocrx_word' id='word_1_3' title='bbox 636 1318 759 1369; x_wconf 81' lang='lat' dir='ltr'><strong>Dio.</strong></span> 
     </span>
    </p>
   </div>
   <div class='ocr_carea' id='block_1_2' title="bbox 638 1706 769 1756">
    <p class='ocr_par' dir='ltr' id='par_1_2' title="bbox 638 1706 769 1756">
     <span class='ocr_line' id='line_1_3' title="bbox 638 1706 769 1756; baseline -0.008 0"><span class='ocrx_word' id='word_1_4' title='bbox 638 1706 769 1756; x_wconf 84' lang='lat' dir='ltr'><strong>ven.</strong></span> 
     </span>
    </p>
   </div>
   <div class='ocr_carea' id='block_1_3' title="bbox 634 1902 753 1949">
    <p class='ocr_par' dir='ltr' id='par_1_3' title="bbox 634 1902 753 1949">
     <span class='ocr_line' id='line_1_4' title="bbox 634 1902 753 1949; baseline 0 0"><span class='ocrx_word' id='word_1_5' title='bbox 634 1902 753 1949; x_wconf 85' lang='lat' dir='ltr'><strong>Dio.</strong></span> 
     </span>
    </p>
   </div>
   <div class='ocr_carea' id='block_1_4' title="bbox 1596 386 1906 435">
    <p class='ocr_par' dir='ltr' id='par_1_4' title="bbox 1596 386 1906 435">
     <span class='ocr_line' id='line_1_5' title="bbox 1596 386 1906 435; baseline -0.006 -2"><span class='ocrx_word' id='word_1_6' title='bbox 1596 388 1666 435; x_wconf 77' lang='grc' dir='ltr'><strong>Τ.</strong></span> <span class='ocrx_word' id='word_1_7' title='bbox 1717 386 1906 433; x_wconf 76' lang='lat' dir='ltr'><strong>mvn</strong></span> 
     </span>
    </p>
   </div>
   <div class='ocr_carea' id='block_1_5' title="bbox 960 526 2874 1954">
    <p class='ocr_par' dir='ltr' id='par_1_5' title="bbox 960 526 2874 1856">
     <span class='ocr_line' id='line_1_6' title="bbox 966 526 2874 609; baseline -0.001 -21"><span class='ocrx_word' id='word_1_8' title='bbox 966 527 1382 589; x_wconf 80' lang='lat' dir='ltr'><strong>satisfaciendo</strong></span> <span class='ocrx_word' id='word_1_9' title='bbox 1421 530 1634 588; x_wconf 85' lang='lat' dir='ltr'><strong>ceteris</strong></span> <span class='ocrx_word' id='word_1_10' title='bbox 1665 537 1864 589; x_wconf 87' lang='lat' dir='ltr'><strong>essent</strong></span> <span class='ocrx_word' id='word_1_11' title='bbox 1896 529 2164 599; x_wconf 87' lang='lat' dir='ltr'><strong>comites,</strong></span> <span class='ocrx_word' id='word_1_12' title='bbox 2207 528 2421 607; x_wconf 87' lang='lat' dir='ltr'><strong>quibus</strong></span> <span class='ocrx_word' id='word_1_13' title='bbox 2448 526 2593 586; x_wconf 88' lang='lat' dir='ltr'><strong>belli</strong></span> <span class='ocrx_word' id='word_1_14' title='bbox 2616 529 2874 609; x_wconf 86' lang='lat' dir='ltr'><strong>suscipi-</strong></span> 
     </span>
     <span class='ocr_line' id='line_1_7' title="bbox 964 622 2872 705; baseline 0 -22"><span class='ocrx_word' id='word_1_15' title='bbox 964 624 1104 684; x_wconf 89' lang='lat' dir='ltr'><strong>endi</strong></span> <span class='ocrx_word' id='word_1_16' title='bbox 1147 634 1417 685; x_wconf 76' lang='lat' dir='ltr'><strong>auctores</strong></span> <span class='ocrx_word' id='word_1_17' title='bbox 1459 626 1816 685; x_wconf 75' lang='lat' dir='ltr'>extitissent.</span> <span class='ocrx_word' id='word_1_18' title='bbox 1900 624 2048 685; x_wconf 91' lang='lat' dir='ltr'><strong>Hoc</strong></span> <span class='ocrx_word' id='word_1_19' title='bbox 2090 645 2225 684; x_wconf 90' lang='lat' dir='ltr'><strong>cum</strong></span> <span class='ocrx_word' id='word_1_20' title='bbox 2269 626 2328 683; x_wconf 90' lang='lat' dir='ltr'><strong>in</strong></span> <span class='ocrx_word' id='word_1_21' title='bbox 2372 622 2700 683; x_wconf 74' lang='lat' dir='ltr'>Germania</span> <span class='ocrx_word' id='word_1_22' title='bbox 2729 646 2872 705; x_wconf 90' lang='lat' dir='ltr'><strong>per-</strong></span> 
     </span>
     <span class='ocr_line' id='line_1_8' title="bbox 962 719 2872 800; baseline 0 -21"><span class='ocrx_word' id='word_1_23' title='bbox 962 720 1304 791; x_wconf 84' lang='lat' dir='ltr'><strong>crebuisset,</strong></span> <span class='ocrx_word' id='word_1_24' title='bbox 1352 721 1641 780; x_wconf 86' lang='lat' dir='ltr'><strong>sociorum</strong></span> <span class='ocrx_word' id='word_1_25' title='bbox 1685 729 1892 799; x_wconf 77' lang='lat' dir='ltr'><strong>rogatu</strong></span> <span class='ocrx_word' id='word_1_26' title='bbox 1937 720 2190 800; x_wconf 86' lang='lat' dir='ltr'><strong>profecti</strong></span> <span class='ocrx_word' id='word_1_27' title='bbox 2239 740 2317 779; x_wconf 84' lang='lat' dir='ltr'><strong>ex</strong></span> <span class='ocrx_word' id='word_1_28' title='bbox 2359 740 2433 779; x_wconf 84' lang='lat' dir='ltr'><strong>ea</strong></span> <span class='ocrx_word' id='word_1_29' title='bbox 2473 729 2644 797; x_wconf 80' lang='lat' dir='ltr'><strong>gente</strong></span> <span class='ocrx_word' id='word_1_30' title='bbox 2691 719 2872 779; x_wconf 83' lang='lat' dir='ltr'><strong>multi</strong></span> 
     </span>
     <span class='ocr_line' id='line_1_9' title="bbox 962 815 2874 897; baseline 0.001 -23"><span class='ocrx_word' id='word_1_31' title='bbox 962 816 1313 896; x_wconf 82' lang='lat' dir='ltr'><strong>principum,</strong></span> <span class='ocrx_word' id='word_1_32' title='bbox 1342 826 1652 897; x_wconf 86' lang='lat' dir='ltr'><strong>postquam</strong></span> <span class='ocrx_word' id='word_1_33' title='bbox 1687 816 1946 893; x_wconf 77' lang='lat' dir='ltr'><strong>Augusti</strong></span> <span class='ocrx_word' id='word_1_34' title='bbox 1961 818 2132 894; x_wconf 84' lang='lat' dir='ltr'><strong>jussu</strong></span> <span class='ocrx_word' id='word_1_35' title='bbox 2161 834 2262 895; x_wconf 86' lang='lat' dir='ltr'><strong>per</strong></span> <span class='ocrx_word' id='word_1_36' title='bbox 2298 815 2621 893; x_wconf 83' lang='lat' dir='ltr'><strong>municipia</strong></span> <span class='ocrx_word' id='word_1_37' title='bbox 2643 815 2700 873; x_wconf 91' lang='lat' dir='ltr'><strong>in</strong></span> <span class='ocrx_word' id='word_1_38' title='bbox 2727 836 2874 875; x_wconf 81' lang='lat' dir='ltr'><strong>cus—</strong></span> 
     </span>
     <span class='ocr_line' id='line_1_10' title="bbox 963 910 2872 984; baseline -0.001 -12"><span class='ocrx_word' id='word_1_39' title='bbox 963 912 1157 973; x_wconf 80' lang='lat' dir='ltr'><strong>todias</strong></span> <span class='ocrx_word' id='word_1_40' title='bbox 1180 912 1583 984; x_wconf 72' lang='lat' dir='ltr'><strong>mittebantur,</strong></span> <span class='ocrx_word' id='word_1_41' title='bbox 1611 913 1722 972; x_wconf 84' lang='lat' dir='ltr'>sibi</span> <span class='ocrx_word' id='word_1_42' title='bbox 1763 932 1970 973; x_wconf 85' lang='lat' dir='ltr'><strong>manus</strong></span> <span class='ocrx_word' id='word_1_43' title='bbox 2005 911 2342 971; x_wconf 88' lang='lat' dir='ltr'><strong>intulerunt.</strong></span> <span class='ocrx_word' id='word_1_44' title='bbox 2425 910 2599 969; x_wconf 85' lang='lat' dir='ltr'><strong>Pace</strong></span> <span class='ocrx_word' id='word_1_45' title='bbox 2639 911 2872 971; x_wconf 79' lang='lat' dir='ltr'><strong>infecta</strong></span> 
     </span>
     <span class='ocr_line' id='line_1_11' title="bbox 964 1005 2864 1087; baseline 0 -20"><span class='ocrx_word' id='word_1_46' title='bbox 964 1007 1262 1079; x_wconf 88' lang='lat' dir='ltr'><strong>Tiberius,</strong></span> <span class='ocrx_word' id='word_1_47' title='bbox 1296 1008 1461 1069; x_wconf 84' lang='lat' dir='ltr'><strong>nulla</strong></span> <span class='ocrx_word' id='word_1_48' title='bbox 1500 1028 1569 1068; x_wconf 79' lang='lat' dir='ltr'><strong>re</strong></span> <span class='ocrx_word' id='word_1_49' title='bbox 1611 1009 1822 1087; x_wconf 86' lang='lat' dir='ltr'><strong>maj0ri</strong></span> <span class='ocrx_word' id='word_1_50' title='bbox 1862 1017 2078 1087; x_wconf 80' lang='lat' dir='ltr'><strong>gesta‚¹’</strong></span> <span class='ocrx_word' id='word_1_51' title='bbox 2113 1029 2188 1068; x_wconf 84' lang='lat' dir='ltr'><strong>ex</strong></span> <span class='ocrx_word' id='word_1_52' title='bbox 2215 1006 2546 1067; x_wconf 84' lang='lat' dir='ltr'><strong>Germania</strong></span> <span class='ocrx_word' id='word_1_53' title='bbox 2568 1005 2864 1067; x_wconf 73' lang='lat' dir='ltr'><strong>discessit.</strong></span> 
     </span>
     <span class='ocr_line' id='line_1_12' title="bbox 965 1102 2866 1185; baseline 0.001 -24"><span class='ocrx_word' id='word_1_54' title='bbox 965 1102 1193 1164; x_wconf 83' lang='lat' dir='ltr'><strong>Hostes</strong></span> <span class='ocrx_word' id='word_1_55' title='bbox 1235 1103 1393 1164; x_wconf 87' lang='lat' dir='ltr'><strong>haud</strong></span> <span class='ocrx_word' id='word_1_56' title='bbox 1434 1104 1622 1165; x_wconf 82' lang='lat' dir='ltr'><strong>multo</strong></span> <span class='ocrx_word' id='word_1_57' title='bbox 1663 1114 1798 1184; x_wconf 86' lang='lat' dir='ltr'><strong>post</strong></span> <span class='ocrx_word' id='word_1_58' title='bbox 1822 1113 2101 1185; x_wconf 84' lang='lat' dir='ltr'><strong>acceptas</strong></span> <span class='ocrx_word' id='word_1_59' title='bbox 2125 1102 2330 1163; x_wconf 87' lang='lat' dir='ltr'><strong>clades</strong></span> <span class='ocrx_word' id='word_1_60' title='bbox 2356 1102 2650 1162; x_wconf 84' lang='lat' dir='ltr'><strong>Romanis</strong></span> <span class='ocrx_word' id='word_1_61' title='bbox 2677 1104 2866 1163; x_wconf 85' lang='lat' dir='ltr'><strong>ubere</strong></span> 
     </span>
     <span class='ocr_line' id='line_1_13' title="bbox 960 1198 2872 1278; baseline 0 -19"><span class='ocrx_word' id='word_1_62' title='bbox 960 1199 1227 1259; x_wconf 78' lang='lat' dir='ltr'><strong>vindicta</strong></span> <span class='ocrx_word' id='word_1_63' title='bbox 1252 1209 1635 1278; x_wconf 77' lang='lat' dir='ltr'><strong>regesserunt.</strong></span> <span class='ocrx_word' id='word_1_64' title='bbox 1687 1198 1931 1259; x_wconf 89' lang='lat' dir='ltr'><strong>Tiberio</strong></span> <span class='ocrx_word' id='word_1_65' title='bbox 1953 1209 2170 1270; x_wconf 64' lang='lat' dir='ltr'><strong>umen,</strong></span> <span class='ocrx_word' id='word_1_66' title='bbox 2188 1198 2348 1278; x_wconf 87' lang='lat' dir='ltr'><strong>quod</strong></span> <span class='ocrx_word' id='word_1_67' title='bbox 2367 1200 2493 1258; x_wconf 84' lang='lat' dir='ltr'><strong>sine</strong></span> <span class='ocrx_word' id='word_1_68' title='bbox 2513 1198 2872 1259; x_wconf 85' lang='lat' dir='ltr'><strong>detrimento</strong></span> 
     </span>
     <span class='ocr_line' id='line_1_14' title="bbox 960 1296 2866 1377; baseline 0 -22"><span class='ocrx_word' id='word_1_69' title='bbox 960 1315 1238 1374; x_wconf 80' lang='lat' dir='ltr'><strong>magnam</strong></span> <span class='ocrx_word' id='word_1_70' title='bbox 1278 1296 1620 1357; x_wconf 71' lang='lat' dir='ltr'><strong>Germaniae</strong></span> <span class='ocrx_word' id='word_1_71' title='bbox 1663 1305 1887 1377; x_wconf 86' lang='lat' dir='ltr'><strong>partem</strong></span> <span class='ocrx_word' id='word_1_72' title='bbox 1933 1296 2291 1377; x_wconf 72' lang='lat' dir='ltr'><strong>peragravit,</strong></span> <span class='ocrx_word' id='word_1_73' title='bbox 2323 1296 2693 1375; x_wconf 88' lang='lat' dir='ltr'><strong>imperatoris</strong></span> <span class='ocrx_word' id='word_1_74' title='bbox 2717 1316 2866 1374; x_wconf 79' lang='lat' dir='ltr'><strong>cog-</strong></span> 
     </span>
     <span class='ocr_line' id='line_1_15' title="bbox 962 1391 2864 1471; baseline -0.001 -21"><span class='ocrx_word' id='word_1_75' title='bbox 962 1401 1303 1451; x_wconf 82' lang='lat' dir='ltr'><strong>nomentum</strong></span> <span class='ocrx_word' id='word_1_76' title='bbox 1328 1392 1640 1471; x_wconf 81' lang='lat' dir='ltr'><strong>Augustus</strong></span> <span class='ocrx_word' id='word_1_77' title='bbox 1679 1391 1932 1461; x_wconf 77' lang='lat' dir='ltr'><strong>addidit,</strong></span> <span class='ocrx_word' id='word_1_78' title='bbox 1961 1391 2194 1471; x_wconf 78' lang='lat' dir='ltr'><strong>sibique</strong></span> <span class='ocrx_word' id='word_1_79' title='bbox 2225 1401 2350 1451; x_wconf 85' lang='lat' dir='ltr'><strong>tum</strong></span> <span class='ocrx_word' id='word_1_80' title='bbox 2390 1391 2572 1450; x_wconf 88' lang='lat' dir='ltr'><strong>etiam</strong></span> <span class='ocrx_word' id='word_1_81' title='bbox 2599 1393 2821 1471; x_wconf 87' lang='lat' dir='ltr'><strong>recepit</strong></span> <span class='ocrx_word' id='word_1_82' title='bbox 2845 1414 2864 1459; x_wconf 87' lang='lat'><strong>;</strong></span> 
     </span>
     <span class='ocr_line' id='line_1_16' title="bbox 960 1486 2866 1570; baseline 0.001 -25"><span class='ocrx_word' id='word_1_83' title='bbox 960 1486 1247 1547; x_wconf 85' lang='lat' dir='ltr'><strong>militibus</strong></span> <span class='ocrx_word' id='word_1_84' title='bbox 1270 1508 1508 1568; x_wconf 85' lang='lat' dir='ltr'><strong>quoque</strong></span> <span class='ocrx_word' id='word_1_85' title='bbox 1534 1487 1850 1549; x_wconf 84' lang='lat' dir='ltr'><strong>distributa</strong></span> <span class='ocrx_word' id='word_1_86' title='bbox 1885 1489 2159 1570; x_wconf 87' lang='lat' dir='ltr'><strong>pecunia,</strong></span> <span class='ocrx_word' id='word_1_87' title='bbox 2197 1506 2312 1547; x_wconf 87' lang='lat' dir='ltr'><strong>non</strong></span> <span class='ocrx_word' id='word_1_88' title='bbox 2355 1488 2618 1548; x_wconf 68' lang='lat' dir='ltr'><strong>victoriae</strong></span> <span class='ocrx_word' id='word_1_89' title='bbox 2655 1506 2866 1559; x_wconf 75' lang='lat' dir='ltr'><strong>causa,</strong></span> 
     </span>
     <span class='ocr_line' id='line_1_17' title="bbox 960 1584 2868 1665; baseline 0 -21"><span class='ocrx_word' id='word_1_90' title='bbox 960 1604 1094 1663; x_wconf 81' lang='lat' dir='ltr'><strong>quae</strong></span> <span class='ocrx_word' id='word_1_91' title='bbox 1137 1585 1306 1645; x_wconf 83' lang='lat' dir='ltr'><strong>nulla</strong></span> <span class='ocrx_word' id='word_1_92' title='bbox 1342 1586 1583 1664; x_wconf 78' lang='lat' dir='ltr'><strong>insignis</strong></span> <span class='ocrx_word' id='word_1_93' title='bbox 1629 1596 1799 1665; x_wconf 87' lang='lat' dir='ltr'><strong>parta</strong></span> <span class='ocrx_word' id='word_1_94' title='bbox 1843 1586 2038 1646; x_wconf 88' lang='lat' dir='ltr'><strong>fuerat</strong></span> <span class='ocrx_word' id='word_1_95' title='bbox 2053 1606 2072 1653; x_wconf 77' lang='lat'>3</span> <span class='ocrx_word' id='word_1_96' title='bbox 2116 1584 2221 1645; x_wconf 88' lang='lat' dir='ltr'><strong>sed</strong></span> <span class='ocrx_word' id='word_1_97' title='bbox 2263 1595 2504 1664; x_wconf 90' lang='lat' dir='ltr'><strong>propter</strong></span> <span class='ocrx_word' id='word_1_98' title='bbox 2529 1585 2868 1645; x_wconf 85' lang='lat' dir='ltr'><strong>tirocinium</strong></span> 
     </span>
     <span class='ocr_line' id='line_1_18' title="bbox 961 1678 2866 1762; baseline 0.001 -25"><span class='ocrx_word' id='word_1_99' title='bbox 961 1678 1121 1749; x_wconf 85' lang='lat' dir='ltr'><strong>Caii,</strong></span> <span class='ocrx_word' id='word_1_100' title='bbox 1149 1690 1273 1739; x_wconf 89' lang='lat' dir='ltr'><strong>tum</strong></span> <span class='ocrx_word' id='word_1_101' title='bbox 1304 1682 1554 1762; x_wconf 87' lang='lat' dir='ltr'><strong>primum</strong></span> <span class='ocrx_word' id='word_1_102' title='bbox 1581 1680 1834 1760; x_wconf 83' lang='lat' dir='ltr'><strong>profecti</strong></span> <span class='ocrx_word' id='word_1_103' title='bbox 1875 1681 1932 1739; x_wconf 92' lang='lat' dir='ltr'><strong>in</strong></span> <span class='ocrx_word' id='word_1_104' title='bbox 1972 1680 2265 1741; x_wconf 86' lang='lat' dir='ltr'><strong>militiam.</strong></span> <span class='ocrx_word' id='word_1_105' title='bbox 2351 1680 2592 1740; x_wconf 90' lang='lat' dir='ltr'><strong>Tiberio</strong></span> <span class='ocrx_word' id='word_1_106' title='bbox 2627 1682 2866 1741; x_wconf 86' lang='lat' dir='ltr'><strong>interim</strong></span> 
     </span>
     <span class='ocr_line' id='line_1_19' title="bbox 964 1776 2557 1856; baseline 0.001 -21"><span class='ocrx_word' id='word_1_107' title='bbox 964 1776 1115 1836; x_wconf 84' lang='lat' dir='ltr'><strong>alter</strong></span> <span class='ocrx_word' id='word_1_108' title='bbox 1138 1776 1477 1837; x_wconf 86' lang='lat' dir='ltr'><strong>consulatus</strong></span> <span class='ocrx_word' id='word_1_109' title='bbox 1500 1797 1636 1837; x_wconf 89' lang='lat' dir='ltr'><strong>cum</strong></span> <span class='ocrx_word' id='word_1_110' title='bbox 1664 1777 1854 1837; x_wconf 89' lang='lat' dir='ltr'><strong>altero</strong></span> <span class='ocrx_word' id='word_1_111' title='bbox 1882 1777 2178 1856; x_wconf 86' lang='lat' dir='ltr'><strong>triumpho</strong></span> <span class='ocrx_word' id='word_1_112' title='bbox 2205 1777 2557 1837; x_wconf 84' lang='lat' dir='ltr'><strong>decernitur.</strong></span> 
     </span>
    </p>

    <p class='ocr_par' dir='ltr' id='par_1_6' title="bbox 1042 1872 2867 1954">
     <span class='ocr_line' id='line_1_20' title="bbox 1042 1872 2867 1954; baseline 0 -21"><span class='ocrx_word' id='word_1_113' title='bbox 1042 1880 1144 1933; x_wconf 78' lang='lat'><strong>20.</strong></span> <span class='ocrx_word' id='word_1_114' title='bbox 1186 1874 1518 1954; x_wconf 75' lang='lat' dir='ltr'><strong>Augustus,</strong></span> <span class='ocrx_word' id='word_1_115' title='bbox 1544 1894 1681 1934; x_wconf 89' lang='lat' dir='ltr'><strong>cum</strong></span> <span class='ocrx_word' id='word_1_116' title='bbox 1703 1883 1764 1933; x_wconf 90' lang='lat' dir='ltr'><strong>et</strong></span> <span class='ocrx_word' id='word_1_117' title='bbox 1789 1874 1902 1954; x_wconf 89' lang='lat' dir='ltr'><strong>ipsi</strong></span> <span class='ocrx_word' id='word_1_118' title='bbox 1942 1873 2269 1953; x_wconf 87' lang='lat' dir='ltr'><strong>triumphus</strong></span> <span class='ocrx_word' id='word_1_119' title='bbox 2295 1872 2723 1943; x_wconf 85' lang='lat' dir='ltr'><strong>decerneretur,</strong></span> <span class='ocrx_word' id='word_1_120' title='bbox 2751 1894 2867 1933; x_wconf 87' lang='lat' dir='ltr'><strong>na-</strong></span> 
     </span>
    </p>
   </div>
   <div class='ocr_carea' id='block_1_6' title="bbox 661 1969 2866 2047">
    <p class='ocr_par' dir='ltr' id='par_1_7' title="bbox 661 1969 2866 2047">
     <span class='ocr_line' id='line_1_21' title="bbox 661 1969 2866 2047; baseline -0.002 -12"><span class='ocrx_word' id='word_1_121' title='bbox 661 1996 781 2047; x_wconf 59' lang='lat' dir='ltr'><strong>Toe,</strong></span> <span class='ocrx_word' id='word_1_122' title='bbox 799 2012 901 2047; x_wconf 58' lang='grc' dir='ltr'><strong>ιη,</strong></span> <span class='ocrx_word' id='word_1_123' title='bbox 958 1972 1067 2032; x_wconf 90' lang='lat' dir='ltr'><strong>tali</strong></span> <span class='ocrx_word' id='word_1_124' title='bbox 1092 1994 1200 2033; x_wconf 85' lang='lat' dir='ltr'><strong>suo</strong></span> <span class='ocrx_word' id='word_1_125' title='bbox 1224 1972 1494 2031; x_wconf 83' lang='lat' dir='ltr'><strong>solennes</strong></span> <span class='ocrx_word' id='word_1_126' title='bbox 1522 1973 1831 2033; x_wconf 85' lang='lat' dir='ltr'><strong>Circenses</strong></span> <span class='ocrx_word' id='word_1_127' title='bbox 1860 1970 2034 2031; x_wconf 85' lang='lat' dir='ltr'><strong>ludos</strong></span> <span class='ocrx_word' id='word_1_128' title='bbox 2053 1970 2282 2030; x_wconf 86' lang='lat' dir='ltr'><strong>maluit.</strong></span> <span class='ocrx_word' id='word_1_129' title='bbox 2368 1969 2728 2029; x_wconf 87' lang='lat' dir='ltr'><strong>Pomoerium</strong></span> <span class='ocrx_word' id='word_1_130' title='bbox 2755 1992 2866 2031; x_wconf 87' lang='lat' dir='ltr'><strong>eo-</strong></span> 
     </span>
    </p>
   </div>
   <div class='ocr_carea' id='block_1_7' title="bbox 632 2188 885 2303">
    <p class='ocr_par' dir='ltr' id='par_1_8' title="bbox 632 2188 885 2303">
     <span class='ocr_line' id='line_1_22' title="bbox 664 2188 885 2240; baseline 0.014 -3"><span class='ocrx_word' id='word_1_131' title='bbox 664 2188 885 2240; x_wconf 75' lang='lat' dir='ltr'><strong>Cassiod.</strong></span> 
     </span>
     <span class='ocr_line' id='line_1_23' title="bbox 632 2253 813 2303; baseline -0.011 0"><span class='ocrx_word' id='word_1_132' title='bbox 632 2253 813 2303; x_wconf 78' lang='lat' dir='ltr'><strong>chron.</strong></span> 
     </span>
    </p>
   </div>
   <div class='ocr_carea' id='block_1_8' title="bbox 626 2380 868 2571">
    <p class='ocr_par' dir='ltr' id='par_1_9' title="bbox 626 2380 868 2571">
     <span class='ocr_line' id='line_1_24' title="bbox 630 2380 747 2429; baseline 0 0"><span class='ocrx_word' id='word_1_133' title='bbox 630 2380 747 2429; x_wconf 89' lang='lat' dir='ltr'><strong>Dio.</strong></span> 
     </span>
     <span class='ocr_line' id='line_1_25' title="bbox 659 2445 860 2495; baseline 0.02 -4"><span class='ocrx_word' id='word_1_134' title='bbox 659 2445 860 2495; x_wconf 74' lang='lat' dir='ltr'><strong>Sueton-</strong></span> 
     </span>
     <span class='ocr_line' id='line_1_26' title="bbox 626 2506 868 2571; baseline 0.017 -15"><span class='ocrx_word' id='word_1_135' title='bbox 626 2506 759 2571; x_wconf 75' lang='lat' dir='ltr'><strong>Aug.</strong></span> <span class='ocrx_word' id='word_1_136' title='bbox 782 2512 868 2560; x_wconf 75' lang='lat'><strong>81.</strong></span> 
     </span>
    </p>
   </div>
   <div class='ocr_carea' id='block_1_9' title="bbox 626 2638 853 2753">
    <p class='ocr_par' dir='ltr' id='par_1_10' title="bbox 626 2638 853 2753">
     <span class='ocr_line' id='line_1_27' title="bbox 657 2638 827 2700; baseline 0 -15"><span class='ocrx_word' id='word_1_137' title='bbox 657 2638 827 2700; x_wconf 80' lang='lat' dir='ltr'><strong>Supra,</strong></span> 
     </span>
     <span class='ocr_line' id='line_1_28' title="bbox 626 2716 853 2753; baseline 0.004 -6"><span class='ocrx_word' id='word_1_138' title='bbox 626 2716 853 2753; x_wconf 77' lang='lat' dir='ltr'><strong>oxxxrv.</strong></span> 
     </span>
    </p>
   </div>
   <div class='ocr_carea' id='block_1_10' title="bbox 625 2768 739 2814">
    <p class='ocr_par' dir='ltr' id='par_1_11' title="bbox 625 2768 739 2814">
     <span class='ocr_line' id='line_1_29' title="bbox 625 2768 739 2814; baseline -0.009 -1"><span class='ocrx_word' id='word_1_139' title='bbox 625 2768 739 2814; x_wconf 80' lang='lat' dir='ltr'><strong>los.</strong></span> 
     </span>
    </p>
   </div>
   <div class='ocr_carea' id='block_1_11' title="bbox 950 2066 2865 2723">
    <p class='ocr_par' dir='ltr' id='par_1_12' title="bbox 950 2066 2865 2723">
     <span class='ocr_line' id='line_1_30' title="bbox 954 2066 2864 2148; baseline 0 -21"><span class='ocrx_word' id='word_1_140' title='bbox 954 2066 1092 2127; x_wconf 87' lang='lat' dir='ltr'><strong>dem</strong></span> <span class='ocrx_word' id='word_1_141' title='bbox 1108 2088 1262 2127; x_wconf 87' lang='lat' dir='ltr'><strong>anno</strong></span> <span class='ocrx_word' id='word_1_142' title='bbox 1278 2068 1571 2148; x_wconf 87' lang='lat' dir='ltr'><strong>prolatum</strong></span> <span class='ocrx_word' id='word_1_143' title='bbox 1593 2078 1706 2138; x_wconf 86' lang='lat' dir='ltr'><strong>est,</strong></span> <span class='ocrx_word' id='word_1_144' title='bbox 1727 2068 1888 2147; x_wconf 88' lang='lat' dir='ltr'><strong>quod</strong></span> <span class='ocrx_word' id='word_1_145' title='bbox 1905 2087 2018 2127; x_wconf 90' lang='lat' dir='ltr'><strong>non</strong></span> <span class='ocrx_word' id='word_1_146' title='bbox 2041 2068 2155 2126; x_wconf 88' lang='lat' dir='ltr'><strong>nisi</strong></span> <span class='ocrx_word' id='word_1_147' title='bbox 2177 2067 2524 2143; x_wconf 83' lang='lat' dir='ltr'><strong>augentibus</strong></span> <span class='ocrx_word' id='word_1_148' title='bbox 2549 2066 2864 2147; x_wconf 87' lang='lat' dir='ltr'><strong>imperium</strong></span> 
     </span>
     <span class='ocr_line' id='line_1_31' title="bbox 952 2162 2864 2241; baseline 0.001 -19"><span class='ocrx_word' id='word_1_149' title='bbox 952 2162 1410 2223; x_wconf 77' lang='lat' dir='ltr'><strong>concedebatur.</strong></span> <span class='ocrx_word' id='word_1_150' title='bbox 1496 2164 1701 2223; x_wconf 88' lang='lat' dir='ltr'><strong>Etiam</strong></span> <span class='ocrx_word' id='word_1_151' title='bbox 1727 2163 2074 2223; x_wconf 89' lang='lat' dir='ltr'><strong>Pannonios</strong></span> <span class='ocrx_word' id='word_1_152' title='bbox 2113 2162 2228 2221; x_wconf 87' lang='lat' dir='ltr'><strong>hoc</strong></span> <span class='ocrx_word' id='word_1_153' title='bbox 2271 2169 2532 2241; x_wconf 89' lang='lat' dir='ltr'><strong>tempore</strong></span> <span class='ocrx_word' id='word_1_154' title='bbox 2567 2162 2754 2222; x_wconf 79' lang='lat' dir='ltr'><strong>victos</strong></span> <span class='ocrx_word' id='word_1_155' title='bbox 2778 2165 2864 2223; x_wconf 88' lang='lat' dir='ltr'><strong>ab</strong></span> 
     </span>
     <span class='ocr_line' id='line_1_32' title="bbox 956 2257 2865 2340; baseline 0 -22"><span class='ocrx_word' id='word_1_156' title='bbox 956 2258 1101 2319; x_wconf 84' lang='lat' dir='ltr'><strong>Sex.</strong></span> <span class='ocrx_word' id='word_1_157' title='bbox 1129 2258 1439 2339; x_wconf 85' lang='lat' dir='ltr'><strong>Appuleio</strong></span> <span class='ocrx_word' id='word_1_158' title='bbox 1478 2259 1729 2340; x_wconf 87' lang='lat' dir='ltr'><strong>reperio,</strong></span> <span class='ocrx_word' id='word_1_159' title='bbox 1773 2279 1908 2318; x_wconf 91' lang='lat' dir='ltr'><strong>cum</strong></span> <span class='ocrx_word' id='word_1_160' title='bbox 1950 2257 2320 2338; x_wconf 76' lang='lat' dir='ltr'><strong>impatientia.</strong></span> <span class='ocrx_word' id='word_1_161' title='bbox 2359 2258 2574 2335; x_wconf 88' lang='lat' dir='ltr'><strong>quietis</strong></span> <span class='ocrx_word' id='word_1_162' title='bbox 2597 2266 2730 2337; x_wconf 88' lang='lat' dir='ltr'><strong>post</strong></span> <span class='ocrx_word' id='word_1_163' title='bbox 2751 2258 2865 2318; x_wconf 85' lang='lat' dir='ltr'><strong>Ti-</strong></span> 
     </span>
     <span class='ocr_line' id='line_1_33' title="bbox 954 2351 2862 2431; baseline 0.001 -18"><span class='ocrx_word' id='word_1_164' title='bbox 954 2355 1102 2415; x_wconf 88' lang='lat' dir='ltr'><strong>berii</strong></span> <span class='ocrx_word' id='word_1_165' title='bbox 1139 2355 1457 2415; x_wconf 80' lang='lat' dir='ltr'><strong>discessum</strong></span> <span class='ocrx_word' id='word_1_166' title='bbox 1500 2356 1580 2421; x_wconf 81' lang='lat' dir='ltr'><strong>ad</strong></span> <span class='ocrx_word' id='word_1_167' title='bbox 1627 2374 1787 2413; x_wconf 83' lang='lat' dir='ltr'><strong>arma</strong></span> <span class='ocrx_word' id='word_1_168' title='bbox 1828 2354 2134 2414; x_wconf 86' lang='lat' dir='ltr'><strong>redissent.</strong></span> <span class='ocrx_word' id='word_1_169' title='bbox 2216 2351 2370 2411; x_wconf 87' lang='lat' dir='ltr'><strong>Tum</strong></span> <span class='ocrx_word' id='word_1_170' title='bbox 2411 2361 2473 2412; x_wconf 91' lang='lat' dir='ltr'><strong>et</strong></span> <span class='ocrx_word' id='word_1_171' title='bbox 2515 2352 2862 2431; x_wconf 81' lang='lat' dir='ltr'><strong>Aug-ustum</strong></span> 
     </span>
     <span class='ocr_line' id='line_1_34' title="bbox 953 2448 2864 2528; baseline 0.001 -19"><span class='ocrx_word' id='word_1_172' title='bbox 953 2470 1207 2509; x_wconf 87' lang='lat' dir='ltr'><strong>mensem</strong></span> <span class='ocrx_word' id='word_1_173' title='bbox 1238 2450 1314 2509; x_wconf 87' lang='lat' dir='ltr'><strong>de</strong></span> <span class='ocrx_word' id='word_1_174' title='bbox 1346 2449 1567 2510; x_wconf 84' lang='lat' dir='ltr'><strong>Sextili</strong></span> <span class='ocrx_word' id='word_1_175' title='bbox 1592 2450 1816 2510; x_wconf 85' lang='lat' dir='ltr'><strong>factum</strong></span> <span class='ocrx_word' id='word_1_176' title='bbox 1843 2449 2084 2528; x_wconf 87' lang='lat' dir='ltr'><strong>quidam</strong></span> <span class='ocrx_word' id='word_1_177' title='bbox 2109 2458 2382 2507; x_wconf 83' lang='lat' dir='ltr'><strong>auctores</strong></span> <span class='ocrx_word' id='word_1_178' title='bbox 2407 2448 2776 2508; x_wconf 88' lang='lat' dir='ltr'><strong>tradiderunt</strong></span> <span class='ocrx_word' id='word_1_179' title='bbox 2795 2471 2814 2517; x_wconf 75' lang='grc' dir='ltr'>ς</span> <span class='ocrx_word' id='word_1_180' title='bbox 2831 2476 2864 2511; x_wconf 70' lang='grc' dir='ltr'><strong>«ι</strong></span> 
     </span>
     <span class='ocr_line' id='line_1_35' title="bbox 950 2538 2854 2625; baseline 0.001 -22"><span class='ocrx_word' id='word_1_181' title='bbox 950 2566 1074 2624; x_wconf 86' lang='lat' dir='ltr'><strong>qua</strong></span> <span class='ocrx_word' id='word_1_182' title='bbox 1096 2546 1173 2605; x_wconf 88' lang='lat' dir='ltr'><strong>de</strong></span> <span class='ocrx_word' id='word_1_183' title='bbox 1200 2567 1262 2605; x_wconf 91' lang='lat' dir='ltr'><strong>re</strong></span> <span class='ocrx_word' id='word_1_184' title='bbox 1290 2556 1487 2605; x_wconf 82' lang='lat' dir='ltr'><strong>tamen</strong></span> <span class='ocrx_word' id='word_1_185' title='bbox 1514 2546 1764 2625; x_wconf 85' lang='lat' dir='ltr'><strong>septimo</strong></span> <span class='ocrx_word' id='word_1_186' title='bbox 1791 2547 1922 2622; x_wconf 85' lang='lat' dir='ltr'><strong>ejus</strong></span> <span class='ocrx_word' id='word_1_187' title='bbox 1945 2544 2256 2604; x_wconf 82' lang='lat' dir='ltr'><strong>consulatu</strong></span> <span class='ocrx_word' id='word_1_188' title='bbox 2294 2554 2534 2603; x_wconf 85' lang='lat' dir='ltr'><strong>cautum</strong></span> <span class='ocrx_word' id='word_1_189' title='bbox 2567 2538 2696 2605; x_wconf 67' lang='lat' dir='ltr'><strong>esse</strong></span> <span class='ocrx_word' id='word_1_190' title='bbox 2722 2544 2854 2624; x_wconf 90' lang='lat' dir='ltr'><strong>ple-</strong></span> 
     </span>
     <span class='ocr_line' id='line_1_36' title="bbox 952 2639 2848 2723; baseline 0 -23"><span class='ocrx_word' id='word_1_191' title='bbox 952 2642 1164 2701; x_wconf 82' lang='lat' dir='ltr'><strong>biscito</strong></span> <span class='ocrx_word' id='word_1_192' title='bbox 1206 2642 1631 2701; x_wconf 75' lang='lat' dir='ltr'><strong>annotavimus.</strong></span> <span class='ocrx_word' id='word_1_193' title='bbox 1741 2640 1998 2701; x_wconf 87' lang='lat' dir='ltr'><strong>Fortean</strong></span> <span class='ocrx_word' id='word_1_194' title='bbox 2041 2640 2449 2708; x_wconf 86' lang='lat' dir='ltr'><strong>intermissam,</strong></span> <span class='ocrx_word' id='word_1_195' title='bbox 2503 2649 2572 2699; x_wconf 90' lang='lat' dir='ltr'><strong>ut</strong></span> <span class='ocrx_word' id='word_1_196' title='bbox 2607 2639 2698 2711; x_wconf 84' lang='lat' dir='ltr'><strong>fit,</strong></span> <span class='ocrx_word' id='word_1_197' title='bbox 2743 2661 2848 2723; x_wconf 89' lang='lat' dir='ltr'><strong>ap-</strong></span> 
     </span>
    </p>
   </div>
   <div class='ocr_carea' id='block_1_12' title="bbox 938 2868 2854 4271">
    <p class='ocr_par' dir='ltr' id='par_1_13' title="bbox 940 2868 2854 3575">
     <span class='ocr_line' id='line_1_37' title="bbox 1010 2868 2850 2933; baseline 0.001 -15"><span class='ocrx_word' id='word_1_198' title='bbox 1010 2877 1037 2911; x_wconf 79' lang='lat'><strong>1’</strong></span> <span class='ocrx_word' id='word_1_199' title='bbox 1065 2868 1297 2930; x_wconf 73' lang='lat' dir='ltr'><strong>Tiberias,</strong></span> <span class='ocrx_word' id='word_1_200' title='bbox 1308 2870 1437 2919; x_wconf 69' lang='lat' dir='ltr'><strong>nulla</strong></span> <span class='ocrx_word' id='word_1_201' title='bbox 1452 2885 1505 2919; x_wconf 80' lang='lat' dir='ltr'><strong>re</strong></span> <span class='ocrx_word' id='word_1_202' title='bbox 1520 2869 1690 2929; x_wconf 60' lang='lat' dir='ltr'><strong>maiori</strong></span> <span class='ocrx_word' id='word_1_203' title='bbox 1704 2870 1868 2933; x_wconf 73' lang='lat' dir='ltr'><strong>gesta]</strong></span> <span class='ocrx_word' id='word_1_204' title='bbox 1933 2868 2142 2931; x_wconf 81' lang='lat' dir='ltr'><strong>quidem</strong></span> <span class='ocrx_word' id='word_1_205' title='bbox 2158 2869 2503 2919; x_wconf 75' lang='lat' dir='ltr'><strong>Macrobiusl.</strong></span> <span class='ocrx_word' id='word_1_206' title='bbox 2525 2874 2568 2918; x_wconf 92' lang='grc'><strong>1.</strong></span> <span class='ocrx_word' id='word_1_207' title='bbox 2585 2870 2790 2919; x_wconf 75' lang='lat' dir='ltr'><strong>satum.</strong></span> <span class='ocrx_word' id='word_1_208' title='bbox 2803 2886 2850 2921; x_wconf 85' lang='lat' dir='ltr'><strong>e.</strong></span> 
     </span>
     <span class='ocr_line' id='line_1_38' title="bbox 946 2933 2850 2998; baseline 0.001 -15"><span class='ocrx_word' id='word_1_209' title='bbox 946 2933 1029 2983; x_wconf 80' lang='lat' dir='ltr'><strong>Ad</strong></span> <span class='ocrx_word' id='word_1_210' title='bbox 1063 2935 1196 2984; x_wconf 82' lang='lat' dir='ltr'><strong>banc</strong></span> <span class='ocrx_word' id='word_1_211' title='bbox 1230 2934 1424 2983; x_wconf 82' lang='lat' dir='ltr'><strong>Tiberii</strong></span> <span class='ocrx_word' id='word_1_212' title='bbox 1456 2935 1507 2983; x_wconf 89' lang='lat' dir='ltr'><strong>in</strong></span> <span class='ocrx_word' id='word_1_213' title='bbox 1531 2934 1864 2986; x_wconf 76' lang='lat' dir='ltr'><strong>Germaniam</strong></span> <span class='ocrx_word' id='word_1_214' title='bbox 1935 2934 2179 2983; x_wconf 75' lang='lat' dir='ltr'><strong>14.docet</strong></span> <span class='ocrx_word' id='word_1_215' title='bbox 2196 2948 2420 2983; x_wconf 86' lang='lat' dir='ltr'><strong>errorem</strong></span> <span class='ocrx_word' id='word_1_216' title='bbox 2439 2933 2738 2998; x_wconf 81' lang='lat' dir='ltr'><strong>pontificum</strong></span> <span class='ocrx_word' id='word_1_217' title='bbox 2755 2950 2850 2985; x_wconf 80' lang='lat' dir='ltr'><strong>sex</strong></span> 
     </span>
     <span class='ocr_line' id='line_1_39' title="bbox 945 2998 2850 3063; baseline 0.001 -16"><span class='ocrx_word' id='word_1_218' title='bbox 945 3000 1333 3061; x_wconf 77' lang='lat' dir='ltr'><strong>expeditionem</strong></span> <span class='ocrx_word' id='word_1_219' title='bbox 1408 2998 1575 3049; x_wconf 84' lang='lat' dir='ltr'><strong>refert</strong></span> <span class='ocrx_word' id='word_1_220' title='bbox 1641 3000 1867 3063; x_wconf 84' lang='lat' dir='ltr'><strong>scriptor</strong></span> <span class='ocrx_word' id='word_1_221' title='bbox 1931 3006 1986 3046; x_wconf 93' lang='lat' dir='ltr'><strong>et</strong></span> <span class='ocrx_word' id='word_1_222' title='bbox 2011 2998 2220 3057; x_wconf 76' lang='lat' dir='ltr'><strong>triginta</strong></span> <span class='ocrx_word' id='word_1_223' title='bbox 2243 3000 2388 3047; x_wconf 78' lang='lat' dir='ltr'><strong>annis</strong></span> <span class='ocrx_word' id='word_1_224' title='bbox 2410 2999 2756 3062; x_wconf 75' lang='lat' dir='ltr'><strong>permansisse</strong></span> <span class='ocrx_word' id='word_1_225' title='bbox 2782 3001 2850 3049; x_wconf 80' lang='lat' dir='ltr'><strong>ab</strong></span> 
     </span>
     <span class='ocr_line' id='line_1_40' title="bbox 944 3062 2851 3126; baseline 0.002 -16"><span class='ocrx_word' id='word_1_226' title='bbox 944 3063 1251 3113; x_wconf 82' lang='lat' dir='ltr'><strong>eruditionis</strong></span> <span class='ocrx_word' id='word_1_227' title='bbox 1306 3068 1361 3111; x_wconf 86' lang='lat' dir='ltr'><strong>et</strong></span> <span class='ocrx_word' id='word_1_228' title='bbox 1415 3062 1724 3126; x_wconf 67' lang='lat' dir='ltr'><strong>diligentiae,</strong></span> <span class='ocrx_word' id='word_1_229' title='bbox 1771 3063 1861 3112; x_wconf 89' lang='lat' dir='ltr'><strong>sed</strong></span> <span class='ocrx_word' id='word_1_230' title='bbox 1929 3062 2208 3111; x_wconf 84' lang='lat' dir='ltr'><strong>emendato</strong></span> <span class='ocrx_word' id='word_1_231' title='bbox 2229 3078 2322 3126; x_wconf 88' lang='lat' dir='ltr'><strong>per</strong></span> <span class='ocrx_word' id='word_1_232' title='bbox 2341 3064 2604 3113; x_wconf 75' lang='lat' dir='ltr'><strong>Coesarem</strong></span> <span class='ocrx_word' id='word_1_233' title='bbox 2629 3066 2851 3115; x_wconf 79' lang='lat' dir='ltr'><strong>dictato·</strong></span> 
     </span>
     <span class='ocr_line' id='line_1_41' title="bbox 942 3126 2854 3190; baseline 0.002 -17"><span class='ocrx_word' id='word_1_234' title='bbox 942 3126 1177 3190; x_wconf 84' lang='lat' dir='ltr'><strong>inprimis</strong></span> <span class='ocrx_word' id='word_1_235' title='bbox 1255 3127 1561 3177; x_wconf 72' lang='lat' dir='ltr'><strong>Christi-me</strong></span> <span class='ocrx_word' id='word_1_236' title='bbox 1651 3129 1864 3187; x_wconf 73' lang='lat' dir='ltr'><strong>pietatis</strong></span> <span class='ocrx_word' id='word_1_237' title='bbox 1929 3140 2036 3175; x_wconf 86' lang='lat' dir='ltr'><strong>rem</strong></span> <span class='ocrx_word' id='word_1_238' title='bbox 2063 3140 2215 3176; x_wconf 79' lang='lat' dir='ltr'><strong>anno.</strong></span> <span class='ocrx_word' id='word_1_239' title='bbox 2283 3128 2490 3177; x_wconf 80' lang='lat' dir='ltr'><strong>Primus</strong></span> <span class='ocrx_word' id='word_1_240' title='bbox 2520 3137 2692 3177; x_wconf 82' lang='lat' dir='ltr'><strong>antem</strong></span> <span class='ocrx_word' id='word_1_241' title='bbox 2715 3130 2854 3180; x_wconf 84' lang='lat' dir='ltr'><strong>Juli-</strong></span> 
     </span>
     <span class='ocr_line' id='line_1_42' title="bbox 943 3190 2852 3256; baseline 0.002 -18"><span class='ocrx_word' id='word_1_242' title='bbox 943 3191 1093 3239; x_wconf 83' lang='lat' dir='ltr'><strong>lande</strong></span> <span class='ocrx_word' id='word_1_243' title='bbox 1150 3192 1481 3256; x_wconf 81' lang='lat' dir='ltr'><strong>conspicuus,</strong></span> <span class='ocrx_word' id='word_1_244' title='bbox 1524 3190 1860 3242; x_wconf 81' lang='lat' dir='ltr'><strong>Sebastianus</strong></span> <span class='ocrx_word' id='word_1_245' title='bbox 1928 3205 2054 3239; x_wconf 83' lang='lat' dir='ltr'><strong>snus</strong></span> <span class='ocrx_word' id='word_1_246' title='bbox 2086 3204 2250 3239; x_wconf 82' lang='lat' dir='ltr'><strong>annus</strong></span> <span class='ocrx_word' id='word_1_247' title='bbox 2286 3198 2366 3239; x_wconf 86' lang='lat' dir='ltr'><strong>est</strong></span> <span class='ocrx_word' id='word_1_248' title='bbox 2387 3193 2428 3240; x_wconf 87' lang='lat' dir='ltr'><strong>is</strong></span> <span class='ocrx_word' id='word_1_249' title='bbox 2458 3206 2609 3256; x_wconf 84' lang='lat' dir='ltr'><strong>quem</strong></span> <span class='ocrx_word' id='word_1_250' title='bbox 2635 3207 2726 3240; x_wconf 90' lang='lat' dir='ltr'><strong>nos</strong></span> <span class='ocrx_word' id='word_1_251' title='bbox 2753 3207 2852 3242; x_wconf 85' lang='lat' dir='ltr'><strong>nu-</strong></span> 
     </span>
     <span class='ocr_line' id='line_1_43' title="bbox 940 3254 2851 3320; baseline 0.002 -17"><span class='ocrx_word' id='word_1_252' title='bbox 940 3254 1297 3318; x_wconf 83' lang='lat' dir='ltr'><strong>Tillemonius,</strong></span> <span class='ocrx_word' id='word_1_253' title='bbox 1332 3270 1395 3303; x_wconf 82' lang='lat' dir='ltr'><strong>ea</strong></span> <span class='ocrx_word' id='word_1_254' title='bbox 1433 3271 1547 3320; x_wconf 65' lang='lat' dir='ltr'><strong>qnae</strong></span> <span class='ocrx_word' id='word_1_255' title='bbox 1587 3256 1864 3305; x_wconf 81' lang='lat' dir='ltr'><strong>Suetonius</strong></span> <span class='ocrx_word' id='word_1_256' title='bbox 1928 3269 2186 3304; x_wconf 74' lang='lat' dir='ltr'><strong>meremus</strong></span> <span class='ocrx_word' id='word_1_257' title='bbox 2199 3258 2314 3304; x_wconf 84' lang='grc'><strong>708.</strong></span> <span class='ocrx_word' id='word_1_258' title='bbox 2335 3255 2400 3304; x_wconf 78' lang='lat' dir='ltr'><strong>ab</strong></span> <span class='ocrx_word' id='word_1_259' title='bbox 2423 3256 2488 3305; x_wconf 89' lang='lat' dir='ltr'><strong>U.</strong></span> <span class='ocrx_word' id='word_1_260' title='bbox 2505 3256 2564 3305; x_wconf 89' lang='lat' dir='ltr'><strong>C.</strong></span> <span class='ocrx_word' id='word_1_261' title='bbox 2587 3272 2616 3303; x_wconf 83' lang='lat' dir='ltr'><strong>s</strong></span> <span class='ocrx_word' id='word_1_262' title='bbox 2635 3270 2734 3320; x_wconf 88' lang='lat' dir='ltr'><strong>quo</strong></span> <span class='ocrx_word' id='word_1_263' title='bbox 2757 3256 2851 3307; x_wconf 84' lang='lat' dir='ltr'><strong>hic</strong></span> 
     </span>
     <span class='ocr_line' id='line_1_44' title="bbox 942 3319 2852 3381; baseline 0.002 -14"><span class='ocrx_word' id='word_1_264' title='bbox 942 3328 1195 3368; x_wconf 77' lang='lat' dir='ltr'><strong>memorat</strong></span> <span class='ocrx_word' id='word_1_265' title='bbox 1234 3320 1283 3367; x_wconf 90' lang='lat' dir='ltr'><strong>in</strong></span> <span class='ocrx_word' id='word_1_266' title='bbox 1317 3319 1435 3367; x_wconf 87' lang='lat' dir='ltr'><strong>Tib.</strong></span> <span class='ocrx_word' id='word_1_267' title='bbox 1468 3334 1514 3367; x_wconf 86' lang='lat' dir='ltr'><strong>c.</strong></span> <span class='ocrx_word' id='word_1_268' title='bbox 1550 3323 1600 3370; x_wconf 78' lang='lat'><strong>9.</strong></span> <span class='ocrx_word' id='word_1_269' title='bbox 1637 3328 1692 3369; x_wconf 89' lang='lat' dir='ltr'><strong>et</strong></span> <span class='ocrx_word' id='word_1_270' title='bbox 1727 3320 1861 3381; x_wconf 58' lang='lat' dir='ltr'><strong>Ana.</strong></span> <span class='ocrx_word' id='word_1_271' title='bbox 1928 3328 2008 3367; x_wconf 89' lang='lat' dir='ltr'><strong>est</strong></span> <span class='ocrx_word' id='word_1_272' title='bbox 2023 3319 2274 3381; x_wconf 80' lang='lat' dir='ltr'><strong>septimus</strong></span> <span class='ocrx_word' id='word_1_273' title='bbox 2290 3327 2345 3367; x_wconf 91' lang='lat' dir='ltr'><strong>et</strong></span> <span class='ocrx_word' id='word_1_274' title='bbox 2361 3320 2667 3369; x_wconf 79' lang='lat' dir='ltr'><strong>tricesimus.</strong></span> <span class='ocrx_word' id='word_1_275' title='bbox 2683 3322 2852 3371; x_wconf 86' lang='lat' dir='ltr'><strong>Porro</strong></span> 
     </span>
     <span class='ocr_line' id='line_1_45' title="bbox 943 3382 2851 3447; baseline 0.002 -16"><span class='ocrx_word' id='word_1_276' title='bbox 943 3397 991 3431; x_wconf 86' lang='lat' dir='ltr'><strong>c.</strong></span> <span class='ocrx_word' id='word_1_277' title='bbox 1014 3387 1094 3433; x_wconf 79' lang='lat'><strong>21.</strong></span> <span class='ocrx_word' id='word_1_278' title='bbox 1118 3383 1183 3432; x_wconf 89' lang='lat' dir='ltr'><strong>de</strong></span> <span class='ocrx_word' id='word_1_279' title='bbox 1208 3382 1553 3445; x_wconf 74' lang='lat' dir='ltr'><strong>quadraginta</strong></span> <span class='ocrx_word' id='word_1_280' title='bbox 1576 3382 1859 3433; x_wconf 77' lang='lat' dir='ltr'><strong>Germano·</strong></span> <span class='ocrx_word' id='word_1_281' title='bbox 1927 3397 2070 3431; x_wconf 87' lang='lat' dir='ltr'><strong>error</strong></span> <span class='ocrx_word' id='word_1_282' title='bbox 2106 3384 2188 3431; x_wconf 81' lang='lat' dir='ltr'><strong>ille</strong></span> <span class='ocrx_word' id='word_1_283' title='bbox 2231 3383 2546 3447; x_wconf 81' lang='lat' dir='ltr'><strong>pontificum,</strong></span> <span class='ocrx_word' id='word_1_284' title='bbox 2579 3384 2851 3435; x_wconf 80' lang='lat' dir='ltr'><strong>Macrobio</strong></span> 
     </span>
     <span class='ocr_line' id='line_1_46' title="bbox 943 3446 2848 3509; baseline 0.003 -15"><span class='ocrx_word' id='word_1_285' title='bbox 943 3461 1053 3495; x_wconf 80' lang='lat' dir='ltr'><strong>rntn</strong></span> <span class='ocrx_word' id='word_1_286' title='bbox 1080 3446 1320 3506; x_wconf 83' lang='lat' dir='ltr'><strong>millibus,</strong></span> <span class='ocrx_word' id='word_1_287' title='bbox 1339 3447 1392 3495; x_wconf 90' lang='lat' dir='ltr'><strong>in</strong></span> <span class='ocrx_word' id='word_1_288' title='bbox 1417 3446 1672 3496; x_wconf 74' lang='lat' dir='ltr'><strong>Gallicam</strong></span> <span class='ocrx_word' id='word_1_289' title='bbox 1699 3449 1858 3497; x_wconf 82' lang='lat' dir='ltr'><strong>Rheni</strong></span> <span class='ocrx_word' id='word_1_290' title='bbox 1927 3454 2081 3508; x_wconf 83' lang='lat' dir='ltr'><strong>teste,</strong></span> <span class='ocrx_word' id='word_1_291' title='bbox 2099 3448 2149 3494; x_wconf 87' lang='lat' dir='ltr'><strong>in</strong></span> <span class='ocrx_word' id='word_1_292' title='bbox 2167 3462 2234 3495; x_wconf 89' lang='lat' dir='ltr'><strong>eo</strong></span> <span class='ocrx_word' id='word_1_293' title='bbox 2253 3449 2383 3496; x_wconf 81' lang='lat' dir='ltr'><strong>situs</strong></span> <span class='ocrx_word' id='word_1_294' title='bbox 2403 3456 2534 3507; x_wconf 75' lang='lat' dir='ltr'><strong>erat,</strong></span> <span class='ocrx_word' id='word_1_295' title='bbox 2551 3448 2690 3509; x_wconf 83' lang='lat' dir='ltr'><strong>qnod</strong></span> <span class='ocrx_word' id='word_1_296' title='bbox 2709 3452 2848 3499; x_wconf 86' lang='lat' dir='ltr'><strong>diem</strong></span> 
     </span>
     <span class='ocr_line' id='line_1_47' title="bbox 942 3511 2848 3575; baseline 0.003 -17"><span class='ocrx_word' id='word_1_297' title='bbox 942 3512 1104 3571; x_wconf 75' lang='lat' dir='ltr'><strong>ripam</strong></span> <span class='ocrx_word' id='word_1_298' title='bbox 1127 3525 1157 3558; x_wconf 83' lang='lat' dir='ltr'><strong>a</strong></span> <span class='ocrx_word' id='word_1_299' title='bbox 1178 3511 1389 3559; x_wconf 86' lang='lat' dir='ltr'><strong>Tiberio</strong></span> <span class='ocrx_word' id='word_1_300' title='bbox 1410 3512 1683 3561; x_wconf 80' lang='lat' dir='ltr'><strong>traductis.</strong></span> <span class='ocrx_word' id='word_1_301' title='bbox 1721 3513 1862 3562; x_wconf 71' lang='lat' dir='ltr'><strong>Creo.</strong></span> <span class='ocrx_word' id='word_1_302' title='bbox 1925 3526 2040 3559; x_wconf 86' lang='lat' dir='ltr'><strong>enm</strong></span> <span class='ocrx_word' id='word_1_303' title='bbox 2063 3512 2152 3575; x_wconf 85' lang='lat' dir='ltr'><strong>qui</strong></span> <span class='ocrx_word' id='word_1_304' title='bbox 2186 3526 2250 3560; x_wconf 83' lang='lat' dir='ltr'><strong>ex</strong></span> <span class='ocrx_word' id='word_1_305' title='bbox 2288 3511 2609 3561; x_wconf 73' lang='lat' dir='ltr'><strong>ordinatione</strong></span> <span class='ocrx_word' id='word_1_306' title='bbox 2629 3514 2664 3564; x_wconf 79' lang='lat' dir='ltr'>J</span> <span class='ocrx_word' id='word_1_307' title='bbox 2673 3513 2848 3564; x_wconf 75' lang='lat' dir='ltr'><strong>tiliana</strong></span> 
     </span>
    </p>

    <p class='ocr_par' dir='ltr' id='par_1_14' title="bbox 938 3573 2847 4271">
     <span class='ocr_line' id='line_1_48' title="bbox 1004 3573 2847 3641; baseline 0.004 -20"><span class='ocrx_word' id='word_1_308' title='bbox 1004 3581 1031 3615; x_wconf 71' lang='lat'><strong>⁰1</strong></span> <span class='ocrx_word' id='word_1_309' title='bbox 1068 3574 1187 3622; x_wconf 70' lang='lat' dir='ltr'><strong>Tum</strong></span> <span class='ocrx_word' id='word_1_310' title='bbox 1215 3580 1261 3623; x_wconf 81' lang='lat' dir='ltr'><strong>et</strong></span> <span class='ocrx_word' id='word_1_311' title='bbox 1286 3573 1559 3634; x_wconf 68' lang='lat' dir='ltr'><strong>Augustum</strong></span> <span class='ocrx_word' id='word_1_312' title='bbox 1581 3590 1783 3624; x_wconf 77' lang='lat' dir='ltr'><strong>mensem</strong></span> <span class='ocrx_word' id='word_1_313' title='bbox 1803 3580 1861 3625; x_wconf 78' lang='lat' dir='ltr'><strong>de</strong></span> <span class='ocrx_word' id='word_1_314' title='bbox 1925 3575 2105 3638; x_wconf 85' lang='lat' dir='ltr'><strong>quinto</strong></span> <span class='ocrx_word' id='word_1_315' title='bbox 2143 3590 2347 3639; x_wconf 85' lang='lat' dir='ltr'><strong>quoqne</strong></span> <span class='ocrx_word' id='word_1_316' title='bbox 2391 3590 2522 3625; x_wconf 79' lang='lat' dir='ltr'><strong>anno</strong></span> <span class='ocrx_word' id='word_1_317' title='bbox 2561 3576 2847 3641; x_wconf 79' lang='lat' dir='ltr'><strong>incipiente</strong></span> 
     </span>
     <span class='ocr_line' id='line_1_49' title="bbox 942 3634 2844 3708; baseline 0.003 -22"><span class='ocrx_word' id='word_1_318' title='bbox 942 3634 1317 3697; x_wconf 71' lang='lat' dir='ltr'><strong>Sextilifactum</strong></span> <span class='ocrx_word' id='word_1_319' title='bbox 1328 3640 1519 3701; x_wconf 70' lang='lat' dir='ltr'><strong>qnidam</strong></span> <span class='ocrx_word' id='word_1_320' title='bbox 1534 3645 1750 3689; x_wconf 66' lang='lat' dir='ltr'><strong>autores</strong></span> <span class='ocrx_word' id='word_1_321' title='bbox 1759 3646 1862 3689; x_wconf 76' lang='lat' dir='ltr'><strong>tra-</strong></span> <span class='ocrx_word' id='word_1_322' title='bbox 1927 3639 2226 3689; x_wconf 79' lang='lat' dir='ltr'><strong>intercalari</strong></span> <span class='ocrx_word' id='word_1_323' title='bbox 2245 3638 2374 3689; x_wconf 79' lang='lat' dir='ltr'><strong>debe</strong></span> <span class='ocrx_word' id='word_1_324' title='bbox 2383 3647 2420 3701; x_wconf 87' lang='lat' dir='ltr'><strong>t,</strong></span> <span class='ocrx_word' id='word_1_325' title='bbox 2431 3642 2504 3691; x_wconf 81' lang='lat' dir='ltr'><strong>ini</strong></span> <span class='ocrx_word' id='word_1_326' title='bbox 2522 3650 2709 3703; x_wconf 75' lang='lat' dir='ltr'><strong>quarto</strong></span> <span class='ocrx_word' id='word_1_327' title='bbox 2721 3658 2844 3708; x_wconf 79' lang='lat' dir='ltr'><strong>qno·</strong></span> 
     </span>
     <span class='ocr_line' id='line_1_50' title="bbox 938 3702 2844 3768; baseline 0.003 -19"><span class='ocrx_word' id='word_1_328' title='bbox 938 3702 1187 3767; x_wconf 65' lang='lat' dir='ltr'><strong>dianam]</strong></span> <span class='ocrx_word' id='word_1_329' title='bbox 1218 3702 1281 3752; x_wconf 89' lang='lat' dir='ltr'><strong>Id</strong></span> <span class='ocrx_word' id='word_1_330' title='bbox 1299 3704 1504 3768; x_wconf 81' lang='lat' dir='ltr'><strong>quidem</strong></span> <span class='ocrx_word' id='word_1_331' title='bbox 1522 3703 1732 3753; x_wconf 76' lang='lat' dir='ltr'><strong>disertis</strong></span> <span class='ocrx_word' id='word_1_332' title='bbox 1747 3719 1860 3754; x_wconf 76' lang='lat' dir='ltr'><strong>ver·</strong></span> <span class='ocrx_word' id='word_1_333' title='bbox 1925 3718 2027 3767; x_wconf 84' lang='lat' dir='ltr'><strong>que</strong></span> <span class='ocrx_word' id='word_1_334' title='bbox 2045 3704 2323 3768; x_wconf 85' lang='lat' dir='ltr'><strong>incipiente</strong></span> <span class='ocrx_word' id='word_1_335' title='bbox 2343 3719 2476 3754; x_wconf 84' lang='lat' dir='ltr'><strong>anno</strong></span> <span class='ocrx_word' id='word_1_336' title='bbox 2491 3705 2844 3757; x_wconf 73' lang='lat' dir='ltr'><strong>intercalaris·</strong></span> 
     </span>
     <span class='ocr_line' id='line_1_51' title="bbox 942 3766 2840 3832; baseline 0.002 -17"><span class='ocrx_word' id='word_1_337' title='bbox 942 3766 1025 3815; x_wconf 89' lang='lat' dir='ltr'><strong>bis</strong></span> <span class='ocrx_word' id='word_1_338' title='bbox 1054 3769 1285 3815; x_wconf 79' lang='lat' dir='ltr'><strong>scribunt</strong></span> <span class='ocrx_word' id='word_1_339' title='bbox 1324 3768 1638 3817; x_wconf 87' lang='lat' dir='ltr'><strong>Censorinus</strong></span> <span class='ocrx_word' id='word_1_340' title='bbox 1673 3768 1739 3817; x_wconf 90' lang='lat' dir='ltr'><strong>de</strong></span> <span class='ocrx_word' id='word_1_341' title='bbox 1775 3770 1860 3817; x_wconf 87' lang='lat' dir='ltr'><strong>die</strong></span> <span class='ocrx_word' id='word_1_342' title='bbox 1923 3775 2067 3818; x_wconf 84' lang='lat' dir='ltr'><strong>sent:</strong></span> <span class='ocrx_word' id='word_1_343' title='bbox 2105 3768 2179 3817; x_wconf 80' lang='lat' dir='ltr'><strong>ita</strong></span> <span class='ocrx_word' id='word_1_344' title='bbox 2213 3778 2271 3818; x_wconf 84' lang='lat' dir='ltr'><strong>nt</strong></span> <span class='ocrx_word' id='word_1_345' title='bbox 2305 3782 2420 3817; x_wconf 85' lang='lat' dir='ltr'><strong>cnm</strong></span> <span class='ocrx_word' id='word_1_346' title='bbox 2444 3782 2538 3832; x_wconf 82' lang='lat' dir='ltr'><strong>per</strong></span> <span class='ocrx_word' id='word_1_347' title='bbox 2559 3785 2651 3819; x_wconf 81' lang='lat' dir='ltr'><strong>sex</strong></span> <span class='ocrx_word' id='word_1_348' title='bbox 2673 3782 2727 3820; x_wconf 89' lang='lat' dir='ltr'><strong>et</strong></span> <span class='ocrx_word' id='word_1_349' title='bbox 2753 3772 2840 3819; x_wconf 87' lang='lat' dir='ltr'><strong>tri-</strong></span> 
     </span>
     <span class='ocr_line' id='line_1_52' title="bbox 944 3831 2844 3896; baseline 0.002 -16"><span class='ocrx_word' id='word_1_350' title='bbox 944 3831 1140 3895; x_wconf 80' lang='lat' dir='ltr'><strong>Natsii,</strong></span> <span class='ocrx_word' id='word_1_351' title='bbox 1170 3846 1216 3881; x_wconf 89' lang='lat' dir='ltr'><strong>c.</strong></span> <span class='ocrx_word' id='word_1_352' title='bbox 1235 3836 1319 3880; x_wconf 77' lang='lat'><strong>22.</strong></span> <span class='ocrx_word' id='word_1_353' title='bbox 1346 3839 1401 3881; x_wconf 91' lang='lat' dir='ltr'><strong>et</strong></span> <span class='ocrx_word' id='word_1_354' title='bbox 1434 3832 1552 3882; x_wconf 87' lang='lat' dir='ltr'><strong>Dio.</strong></span> <span class='ocrx_word' id='word_1_355' title='bbox 1621 3833 1772 3882; x_wconf 88' lang='lat' dir='ltr'><strong>Idem</strong></span> <span class='ocrx_word' id='word_1_356' title='bbox 1803 3844 1860 3883; x_wconf 90' lang='lat' dir='ltr'><strong>et</strong></span> <span class='ocrx_word' id='word_1_357' title='bbox 1924 3834 2070 3896; x_wconf 69' lang='lat' dir='ltr'><strong>ginta</strong></span> <span class='ocrx_word' id='word_1_358' title='bbox 2090 3846 2250 3882; x_wconf 80' lang='lat' dir='ltr'><strong>annos</strong></span> <span class='ocrx_word' id='word_1_359' title='bbox 2281 3847 2463 3882; x_wconf 80' lang='lat' dir='ltr'><strong>novem</strong></span> <span class='ocrx_word' id='word_1_360' title='bbox 2498 3844 2698 3884; x_wconf 75' lang='lat' dir='ltr'><strong>tantum</strong></span> <span class='ocrx_word' id='word_1_361' title='bbox 2731 3836 2844 3884; x_wconf 85' lang='lat' dir='ltr'><strong>dies</strong></span> 
     </span>
     <span class='ocr_line' id='line_1_53' title="bbox 940 3896 2843 3954; baseline 0.003 -11"><span class='ocrx_word' id='word_1_362' title='bbox 940 3910 1006 3944; x_wconf 80' lang='lat' dir='ltr'><strong>ex</strong></span> <span class='ocrx_word' id='word_1_363' title='bbox 1029 3897 1273 3945; x_wconf 81' lang='lat' dir='ltr'><strong>Suetonio</strong></span> <span class='ocrx_word' id='word_1_364' title='bbox 1290 3898 1556 3946; x_wconf 73' lang='lat' dir='ltr'><strong>astruitur.</strong></span> <span class='ocrx_word' id='word_1_365' title='bbox 1603 3897 1704 3947; x_wconf 76' lang='lat'>1110</span> <span class='ocrx_word' id='word_1_366' title='bbox 1721 3898 1856 3947; x_wconf 87' lang='lat' dir='ltr'><strong>enim</strong></span> <span class='ocrx_word' id='word_1_367' title='bbox 1924 3899 2219 3946; x_wconf 78' lang='lat' dir='ltr'><strong>intercalari</strong></span> <span class='ocrx_word' id='word_1_368' title='bbox 2263 3896 2581 3954; x_wconf 76' lang='lat' dir='ltr'><strong>debuissent.</strong></span> <span class='ocrx_word' id='word_1_369' title='bbox 2622 3900 2843 3949; x_wconf 73' lang='lat' dir='ltr'><strong>interca-</strong></span> 
     </span>
     <span class='ocr_line' id='line_1_54' title="bbox 940 3958 2842 4024; baseline 0.003 -16"><span class='ocrx_word' id='word_1_370' title='bbox 940 3960 991 4008; x_wconf 91' lang='lat' dir='ltr'><strong>id</strong></span> <span class='ocrx_word' id='word_1_371' title='bbox 1016 3960 1211 4011; x_wconf 75' lang='lat' dir='ltr'><strong>factum</strong></span> <span class='ocrx_word' id='word_1_372' title='bbox 1236 3969 1485 4009; x_wconf 77' lang='lat' dir='ltr'><strong>memorat</strong></span> <span class='ocrx_word' id='word_1_373' title='bbox 1514 3962 1634 4010; x_wconf 86' lang='lat' dir='ltr'><strong>dnm</strong></span> <span class='ocrx_word' id='word_1_374' title='bbox 1659 3961 1856 4024; x_wconf 79' lang='lat' dir='ltr'><strong>Augus·</strong></span> <span class='ocrx_word' id='word_1_375' title='bbox 1923 3962 2016 4011; x_wconf 81' lang='lat' dir='ltr'><strong>lati</strong></span> <span class='ocrx_word' id='word_1_376' title='bbox 2060 3960 2125 4010; x_wconf 78' lang='lat' dir='ltr'><strong>ab</strong></span> <span class='ocrx_word' id='word_1_377' title='bbox 2169 3961 2271 4009; x_wconf 74' lang='lat' dir='ltr'><strong>iuis</strong></span> <span class='ocrx_word' id='word_1_378' title='bbox 2315 3958 2509 4010; x_wconf 83' lang='lat' dir='ltr'><strong>fuerint</strong></span> <span class='ocrx_word' id='word_1_379' title='bbox 2554 3963 2842 4013; x_wconf 78' lang='lat' dir='ltr'><strong>duodecim.</strong></span> 
     </span>
     <span class='ocr_line' id='line_1_55' title="bbox 941 4025 2843 4091; baseline 0.001 -18"><span class='ocrx_word' id='word_1_380' title='bbox 941 4032 1023 4073; x_wconf 84' lang='lat' dir='ltr'><strong>tus</strong></span> <span class='ocrx_word' id='word_1_381' title='bbox 1036 4040 1220 4075; x_wconf 82' lang='lat' dir='ltr'><strong>annum</strong></span> <span class='ocrx_word' id='word_1_382' title='bbox 1239 4025 1461 4085; x_wconf 80' lang='lat' dir='ltr'><strong>ordinat,</strong></span> <span class='ocrx_word' id='word_1_383' title='bbox 1479 4040 1509 4073; x_wconf 83' lang='lat' dir='ltr'><strong>a</strong></span> <span class='ocrx_word' id='word_1_384' title='bbox 1526 4026 1858 4089; x_wconf 80' lang='lat' dir='ltr'><strong>pontificibus</strong></span> <span class='ocrx_word' id='word_1_385' title='bbox 1923 4026 2020 4075; x_wconf 81' lang='lat' dir='ltr'><strong>Cui</strong></span> <span class='ocrx_word' id='word_1_386' title='bbox 2043 4026 2208 4073; x_wconf 87' lang='lat' dir='ltr'><strong>errori</strong></span> <span class='ocrx_word' id='word_1_387' title='bbox 2235 4032 2293 4073; x_wconf 86' lang='lat' dir='ltr'><strong>nt</strong></span> <span class='ocrx_word' id='word_1_388' title='bbox 2321 4026 2620 4075; x_wconf 84' lang='lat' dir='ltr'><strong>mederetur</strong></span> <span class='ocrx_word' id='word_1_389' title='bbox 2641 4028 2843 4091; x_wconf 77' lang='lat' dir='ltr'><strong>Angus-</strong></span> 
     </span>
     <span class='ocr_line' id='line_1_56' title="bbox 941 4089 2843 4218; baseline 0.005 -20"><span class='ocrx_word' id='word_1_390' title='bbox 941 4090 1855 4205; x_wconf 53' lang='lat' dir='ltr'><strong>assssffi⁹⁰21¹¹25553553¹¹2¹a5¹35·</strong></span> <span class='ocrx_word' id='word_1_391' title='bbox 1923 4089 2843 4218; x_wconf 59' lang='lat' dir='ltr'><strong>223.32?2225J:?..2²;¹:3⁰.:..·??⁰3555*</strong></span> 
     </span>
     <span class='ocr_line' id='line_1_57' title="bbox 942 4217 1858 4271; baseline 0.004 -6"><span class='ocrx_word' id='word_1_392' title='bbox 942 4217 1081 4266; x_wconf 83' lang='lat' dir='ltr'><strong>natio</strong></span> <span class='ocrx_word' id='word_1_393' title='bbox 1106 4220 1158 4266; x_wconf 90' lang='lat' dir='ltr'><strong>in</strong></span> <span class='ocrx_word' id='word_1_394' title='bbox 1174 4218 1308 4269; x_wconf 83' lang='lat' dir='ltr'><strong>hune</strong></span> <span class='ocrx_word' id='word_1_395' title='bbox 1328 4234 1517 4269; x_wconf 78' lang='lat' dir='ltr'><strong>annum</strong></span> <span class='ocrx_word' id='word_1_396' title='bbox 1536 4220 1735 4271; x_wconf 82' lang='lat' dir='ltr'><strong>incidit.</strong></span> <span class='ocrx_word' id='word_1_397' title='bbox 1783 4220 1858 4269; x_wconf 87' lang='lat' dir='ltr'><strong>Si-</strong></span> 
     </span>
    </p>
   </div>
  </div>
 </body>
</html>
