3159 4959
874 421 1083 470 unm
1136 419 2176 474 cxxxnr.·sur1·1.suswruu.
2461 403 2638 474 5745

422 563 724 639 angustias
748 559 949 642 portus
970 561 1275 641 sub'aqua
1305 563 1505 635 tensis,
1546 562 1624 624 de
1655 573 1852 624 cetero
1889 565 2312 626 incustoditum

422 655 757 735 reliquerat.
842 656 1035 736 Igitur
1062 659 1283 718 invecti
1316 660 1439 718 sine
1474 669 1634 720 metu
1665 660 2018 732 Antoniani,
2047 663 2314 722 attractis

424 772 529 830 per
564 754 949 812 instrumenta
994 764 1329 834 praeparata
1366 757 1616 826 catenis,
1659 757 1970 816 conclusas
2009 777 2212 826 naves,
2251 765 2316 816 et

424 848 685 927 undique
706 848 883 908 simul
915 867 954 907 a
986 858 1145 908 terra
1178 852 1442 928 marique
1479 859 1541 909 et
1578 851 2014 911 imminentibus
2049 849 2318 910 aedificiis

424 953 811 1023 oppugnatas,
860 945 1011 1004 tueri
1062 945 1487 1023 nequiveruntz
1550 965 1686 1006 cum
1737 946 2010 1008 incendio
2059 948 2320 1027 perirent

424 1039 579 1108 aliae‘,
618 1039 749 1099 aliae
788 1040 961 1100 undis
982 1043 1411 1118 mergerentur.

506 1141 605 1194 35.
650 1136 897 1196 Interim
942 1156 1049 1196 nec
1094 1156 1133 1195 a
1174 1137 1565 1215 legationibus
1604 1146 1912 1198 cessatum.
1985 1137 2316 1218 Postquam

424 1232 551 1290 sine
574 1229 769 1290 fructu
794 1232 985 1310 prima
1002 1239 1341 1304 reverterat,
1357 1233 1720 1311 aliquamdiu
1735 1231 2090 1292 consultatio
2109 1233 2319 1303 tenuit,
2342 1235 2476 1286 Plut.

426 1327 561 1403 quis
598 1328 945 1396 mitteretur,
982 1327 1223 1405 quando
1262 1329 1436 1407 pauci
1478 1337 1822 1407 supererant
1863 1328 2208 1398 amicorum,
2257 1337 2323 1388 et

428 1422 637 1480 horum
660 1432 995 1501 suspectam
1014 1420 1195 1483 fidem
1218 1422 1470 1502 perfidia
1493 1422 2002 1500 transfiigientium
2027 1421 2320 1482 effecerat.
2437 1493 2446 1502 .

431 1515 809 1596 Euphronius
852 1517 1029 1595 igitur
1075 1518 1367 1590 delectus,
1400 1518 1652 1580 filiorum
1680 1519 1936 1578 Antonii
1977 1529 2320 1600 pmoeptor.
2346 1530 2460 1580 Dio.

434 1611 561 1672 Per
589 1613 769 1684 hunc,
794 1632 1011 1690 magna
1040 1615 1307 1693 pecunia
1335 1615 1395 1674 vi
1430 1615 1660 1684 oblata,
1694 1633 1940 1691 regnum
1977 1613 2180 1674 liberis
2202 1616 2324 1674 suis
2347 1595 2478 1708 ἒξ·

434 1706 757 1787 Cleopatra
782 1709 1027 1768 orabat:
1070 1709 1391 1780 Antonius,
1408 1708 1616 1770 dedito
1629 1709 1708 1769 ad
1731 1708 2088 1789 supplicium
2108 1709 2325 1769 Turul·

432 1802 519 1872 lio
542 1813 835 1874 senatore,
861 1804 964 1882 qui
1001 1804 1153 1864 inter
1178 1823 1545 1885 percussores
1576 1805 1890 1884 superioris
1915 1804 2172 1866 Caesaris
2193 1805 2326 1864 fue-

436 1907 547 1970 mt,
572 1919 709 1960 eum
734 1899 1173 1960 necessitudinis
1196 1909 1259 1961 et
1282 1901 1561 1960 amicitiae
1598 1901 1856 1980 pristinae
1881 1899 2220 1960 admonuit:
2266 1900 2330 1959 et

440 2004 703 2068 mutuum
730 2015 1009 2065 amorem,
1037 1996 1305 2074 seriaque
1329 2006 1392 2055 et
1414 1995 1577 2054 lusus
1595 1996 2028 2054 communicata
2051 1994 2328 2064 referens,

440 2098 508 2148 ut
530 2090 643 2149 sibi
668 2091 879 2150 saltem
901 2091 1183 2160 Athenis,
1206 2091 1256 2150 si
1291 2091 1353 2150 in
1378 2090 1644 2170 AEgypto
1669 2089 1856 2149 nollet
1880 2088 2104 2160 Caesar,
2131 2091 2328 2170 priva·
2349 2105 2482 2154 Plut.

439 2196 563 2246 tum
598 2206 771 2264 agere
808 2188 993 2247 vitam
1040 2187 1265 2256 liceret,
1306 2185 1664 2267 postulabat.
1749 2185 1952 2263 Magis
1989 2196 2190 2246 tamen
2223 2207 2328 2266 pro
2351 2202 2469 2252 Dio.

444 2281 787 2361 Cleopatra,
838 2302 1015 2362 quam
1058 2282 1134 2342 de
1173 2280 1487 2361 semetipso
1526 2282 1814 2350 solicitus,
1859 2301 1976 2340 non
2022 2269 2334 2342 recusabat

424 2377 615 2446 νΜαι-ἱ,
654 2377 793 2438 dum
836 2378 925 2436 illi
962 2385 1317 2456 parceretur.
1387 2376 1559 2437 Huic
1595 2395 1829 2455 quoque
1868 2376 2150 2454 legationi
2184 2377 2332 2436 nihil

362 2471 367 2474 ’
444 2472 746 2551 respondit
772 2473 992 2532 Caesar.
1075 2473 1221 2533 Sero
1254 2473 1471 2532 tentari
1494 2472 1858 2532 conditiones
1882 2473 2040 2532 visae.
2119 2471 2332 2530 Turul·
2390 2471 2586 2520 Sueto-1.

444 2566 593 2626 lium·
628 2568 879 2630 interfici
906 2571 1103 2647 jussit.
1184 2567 1435 2628 Turullii
1472 2577 1722 2628 mortem
1773 2568 1940 2628 locus
1985 2569 2088 2626 ubi
2137 2567 2331 2647 periit,
2358 2535 2488 2648 *ἐπ’
2510 2539 2593 2585 ¹⁷⁰

444 2665 813 2742 insigniorem
832 2664 997 2736 fecit,
1008 2664 1167 2743 quod
1186 2666 1275 2724 ira
1290 2665 1624 2745 AEsculapii
1643 2673 1868 2724 tractm
1887 2664 1966 2723 ad
1975 2662 2334 2744 supplicium

442 2759 761 2820 videretur.
844 2761 1087 2840 Quippe
1128 2759 1392 2820 Actiaco
1426 2759 1586 2820 bello
1621 2759 1934 2840 praefectus
1961 2759 2220 2818 Antonii
2257 2757 2336 2818 ad
2392 2777 2656 2827 mmm.

448 2875 631 2916 naves
653 2855 1031 2918 fabricandas
1054 2857 1251 2917 lucum
1277 2856 1606 2936 AEsculapii
1633 2857 1692 2914 iu
1731 2856 1824 2914 Co
1850 2853 2042 2916 insula
2071 2854 2336 2914 succide·
2361 2843 2452 2954 ¹¹3¹·
2471 2847 2551 2893 ¹⁹·
2573 2849 2624 2889 θ*

450 2962 558 3013 rat.
644 2952 838 3030 Igitur
868 2953 1077 3012 eodem
1108 2955 1169 3012 in
1200 2952 1337 3012 luco
1370 2939 1600 3012 oc‘cisus
1635 2971 1836 3032 poenas
1858 2951 2086 3012 dedisse
2113 2951 2340 3011 violato
2411 2921 2476 2955 ω’

450 3050 673 3109 numi-ni
696 3048 1061 3109 credebatur.
1146 3047 1301 3107 Cum
1326 3047 1461 3106 duae
1474 3050 1606 3126 jam
1633 3047 1958 3125 legationes
1981 3048 2160 3106 irritae
2195 3048 2332 3105 fuis-
2370 3057 2478 3106 Dio.

450 3155 602 3215 sent,
648 3144 972 3224 Antyllum
1024 3142 1213 3202 filium
1252 3163 1387 3202 cum
1428 3143 1617 3202 multo
1651 3163 1794 3203 auro
1821 3143 2120 3202 Antonius
2163 3144 2339 3202 misit.

456 3240 689 3300 Aurum
716 3249 1025 3320 acceptum
1050 3261 1065 3298 ε
1110 3239 1369 3319 Antyllo
1400 3259 1513 3299 non
1550 3239 1686 3318 plus
1719 3258 1898 3317 quam
1939 3239 2226 3318 prioribus
2249 3259 2338 3298 re-

456 3340 651 3417 sponsi
675 3339 901 3398 datum.
1210 3383 1224 3396 .
2187 3379 2196 3386 ·

538 3440 639 3494 86.
678 3435 773 3494 At
825 3433 1209 3513 Cleopatram
1254 3431 1750 3512 quemadmodum
1795 3431 1976 3490 semel
2015 3432 2340 3512 iterumque

458 3531 631 3590 minis
674 3538 855 3608 atque
890 3529 1411 3609 pollicitationibus
1446 3537 1802 3599 versaverat,
1835 3528 1924 3588 ita
1957 3535 2082 3588 tum
2107 3549 2342 3608 quoque

461 3625 669 3684 iisdem
704 3625 925 3686 artibus
960 3643 1259 3702 aggressus
1295 3624 1521 3694 Caesar,
1545 3624 1838 3704 Thyn-sum
1865 3645 1944 3684 ex
1973 3623 2204 3684 libertis
2237 3627 2360 3686 ho·-
2398 3659 2530 3709 Plut.
2553 3667 2605 3709 e,

464 3722 677 3780 minem
702 3741 817 3780 non
855 3722 1117 3800 ineptum
1142 3720 1447 3798 allegavit,
1472 3721 1576 3798 qui
1611 3727 1946 3800 correptum
1981 3722 2110 3798 ejus
2147 3721 2342 3780 amore
2367 3724 2486 3772 Dio.

466 3815 759 3878 Coesarem
776 3818 1081 3884 mentitus,
1118 3814 1197 3876 ad
1232 3815 1485 3874 Antonii
1520 3813 1744 3874 caedem
1779 3813 2104 3893 impelleret
2133 3815 2342 3875 mulie-

462 3931 585 3972 rem
630 3911 1009 3992 impudicam,
1044 3909 1264 3970 fiducia
1302 3909 1501 3970 formae
1536 3909 2078 3988 multiplicibusque
2111 3913 2342 3989 experi-

464 4011 675 4068 m‘entis
708 4009 851 4067 satis
880 4026 1233 4086 persuasam,
1270 4027 1333 4065 se
1371 4005 1449 4064 ab
1473 4005 1746 4064 omnibus
1769 4005 2102 4084 bominibus
2138 4007 2342 4066 amari.
2399 3983 2596 4048 ³⁰⁸⁰Ph·

468 4105 733 4184 Quippe,
759 4105 811 4163 si
834 4123 977 4163 vera
998 4103 1160 4162 fama
1192 4110 1305 4172 est,
1331 4109 1509 4160 tantae
1535 4099 1799 4158 libidinis
1825 4101 1952 4160 haec
1977 4100 2181 4178 reg-i„a
2211 4101 2343 4175 fuit,
2367 4047 2532 4161 ssmq‘
2575 4063 2666 4096 xv.

466 4209 537 4264 ut
554 4218 711 4282 soepe
736 4200 1085 4280 prostiterit3
1130 4207 1310 4260 tantae
1336 4195 1808 4278 pulchritudinis,
1831 4205 1896 4256 ut
1921 4197 2092 4257 multi
2113 4207 2344 4260 noctem
2369 4173 2666 4288 Vtikrucltiluqn

470 4297 598 4375 ejus
620 4307 802 4356 morte
828 4297 1123 4377 proposita
1147 4296 1412 4356 emerint.
2370 4303 2590 4366 cleopat-

2411 2603 2480 2649 io.
