3159 4959
834 468 1041 519 mam
1090 468 1495 520 cxxxvm.
1538 469 2180 522 surrentina-rou.
2437 453 2614 521 6885

402 612 743 691 provinciae,
802 612 925 671 sine
993 610 1321 689 legionibus
1370 618 1558 672 erant.
1660 610 1871 691 Hujus
1921 612 2286 673 advenientis
2339 626 2511 688 Supra,

398 708 562 769 fama
583 706 945 767 retrocedere
982 706 1195 767 Bessos
1218 704 1431 767 ad'sua
1464 709 1680 786 coegit.
1765 706 2004 768 Idcirco
2040 708 2190 769 Piso
2224 709 2284 767 in
2308 695 2610 803 cffizffwm

398 802 633 864 illorum
668 804 965 880 regionem
1003 804 1289 883 impetum
1334 804 1583 874 faciens,
1618 823 1736 863 non
1773 803 1903 865 leve
1927 804 2150 864 bellum
2177 824 2284 864 ex·-

398 909 598 979 pertus
619 906 745 959 est:
788 918 923 959 cum
948 899 1117 959 ferox
1155 899 1411 979 populus
1450 900 1630 959 etiam
1665 900 1752 958 rei
1785 899 2058 959 militaris
2081 920 2187 961 usu
2214 920 2286 961 ac
2310 916 2608 969 Plomma.

396 996 621 1055 ratione
670 994 1074 1073 adjuvaretur,
1133 994 1451 1074 disciplina
1501 995 1794 1074 armisque
1838 994 2130 1058 Romanis
2176 1016 2284 1057 usu

396 1091 778 1152 assuefactus.
863 1092 1135 1150 Primum
1162 1090 1429 1171 praelium
1464 1093 1888 1172 improsperum
1911 1091 2126 1152 Pisoni
2149 1092 2282 1152 fuit.

397 1184 695 1266 Sequente
730 1186 919 1247 victor
944 1205 1177 1245 omnem
1210 1188 1373 1247 circa
1419 1186 1732 1245 Bessorum
1773 1194 1954 1266 atque
1997 1170 2284 1248 sociorum
2309 1202 2426 1252 Dio.

394 1302 623 1360 agrum,
676 1282 755 1340 ab
794 1282 885 1341 ira
933 1280 1125 1341 cladis
1169 1290 1456 1361 acceptae,
1507 1281 1824 1342 violentius
1865 1282 2283 1362 depopulatus,

394 1379 651 1456 spatium
675 1376 1055 1454 recolligendi
1081 1376 1237 1437 vires
1270 1397 1385 1437 non
1428 1378 1711 1457 permisit,
1747 1380 1890 1458 quin
1917 1378 2050 1438 aliis
2074 1378 2284 1440 volun-

392 1480 540 1543 tate,
571 1470 837 1552 pluribus
860 1480 1043 1543 metu,
1070 1473 1419 1551 quibusdam
1444 1475 1573 1534 acie
1599 1474 1774 1534 victis
1798 1475 2128 1535 universum
2149 1491 2284 1534 eum

395 1576 649 1627 tractum
684 1570 859 1628 armis
884 1569 1197 1647 subigeret.
1278 1569 1477 1629 Tanta
1516 1580 1647 1630 erat
1689 1570 1913 1641 feritas,
1954 1582 2022 1631 ut
2059 1571 2280 1651 captivi
2306 1598 2432 1649 Flor.

392 1672 631 1723 catenas
670 1666 956 1724 morsibus
990 1664 1345 1744 perfringere
1382 1674 1771 1725 conarentur:
1815 1686 1934 1747 quo
1961 1667 2148 1726 minus
2173 1668 2284 1727 mi·

391 1780 557 1829 rere,·
580 1760 865 1839 quosdam
913 1780 1100 1841 nuper
1140 1760 1396 1832 deditos,
1434 1762 1610 1821 simul
1651 1764 1889 1823 occasio
1935 1763 2130 1823 brevis
2175 1783 2280 1843 ap-
2305 1786 2420 1835 Dio.

390 1856 609 1935 paruit,
652 1876 820 1916 arma
842 1865 1205 1916 retractasse.
1288 1856 1567 1916 Ceterum
1605 1866 1668 1917 et
1690 1858 1786 1917 his
1810 1857 2022 1919 infelix
2048 1878 2276 1927 ausum,

392 1950 603 2010 iterum
656 1951 919 2021 domitis,
972 1953 1031 2011 in
1082 1952 1381 2011 astrictius
1438 1952 1742 2011 servitium
1787 1954 1984 2013 cessit.
2065 1954 2280 2012 Pisoni

391 2047 471 2105 ob
508 2066 633 2105 rem
671 2048 823 2106 bene
864 2055 1089 2126 gestam
1128 2047 1482 2127 supplicatio
1514 2066 1656 2107 cum
1694 2047 2151 2128 triumphalibus
2187 2050 2280 2108 in-
2331 2046 2448 2097 th·
2468 2048 2602 2099 Anu.

392 2142 595 2220 signiis
620 2142 879 2203 decreta.
2303 2126 2376 2161 γ’·
2397 2116 2458 2161 ¹⁰

470 2244 529 2297 3.
574 2238 737 2298 Dum
776 2239 904 2299 haec
932 2251 1207 2320 aguntur,
1234 2240 1567 2319 Augustae,
1608 2239 1826 2300 Romae
1863 2258 2042 2299 censu
2088 2260 2282 2299 rursus
2305 2256 2421 2305 Dio.

390 2344 547 2403 act0‚
574 2354 710 2393 suas
735 2355 971 2415 quoque
1016 2337 1351 2407 facultates,
1378 2335 1710 2416 descriptis,
1738 2356 1872 2415 quae
1901 2356 2147 2415 usquam
2173 2335 2280 2393 ha-

389 2430 557 2490 beret
579 2432 635 2489 in
664 2442 980 2512 potestate,
1008 2433 1085 2494 ad
1111 2433 1323 2514 privati
1344 2433 1579 2493 modum
1607 2435 1806 2493 censui
1829 2433 2102 2511 subjecit.
2171 2434 2280 2493 Se-

388 2534 531 2587 natu
559 2526 775 2587 deinde
801 2528 981 2599 lecto,
1012 2529 1089 2589 ad
1117 2528 1432 2588 levandam
1459 2529 1724 2608 patribus
1749 2529 2104 2599 molestiam,
2145 2548 2280 2589 cum

385 2624 951 2683 senatusconsultum
997 2622 1147 2696 fieri,
1194 2626 1424 2703 quoties
1464 2625 1658 2683 minus
1701 2623 2141 2704 quadringentis
2189 2624 2279 2683 af-

382 2716 649 2790 fuissent,
676 2739 791 2780 non
817 2720 1060 2791 liceret3
1104 2721 1193 2781 ita
1215 2720 1551 2781 moderatus
1574 2729 1686 2791 est,
1715 2729 1732 2755 ‘
1757 2730 1823 2779 ut
1845 2712 2175 2799 Septembri
2203 2738 2276 2780 ac
2331 2739 2531 2789 Sueten.

386 2812 638 2875 Octobri
678 2817 971 2876 mensibus
1010 2816 1201 2877 nullos
1240 2816 1445 2876 adesse
1490 2835 1792 2877 necessum
1847 2827 2002 2876 esset
2064 2826 2276 2897 praeter
2301 2802 2427 2865 ‘¹¹²8-
2448 2808 2532 2855 ⁸⁵·

380 2918 535 2969 sorte
558 2910 791 2981 ductos,
817 2933 921 2992 per
941 2933 1189 2991 quorum
1212 2934 1537 2985 numerum,
1566 2914 1814 2993 antiquo
1838 2914 2142 2985 minorem,
2166 2913 2272 2973 de-

382 3012 544 3064 creta
567 3006 780 3066 confici
804 3008 1077 3087 possent?

462 3109 521 3160 4.
563 3102 896 3162 Pecuniam
923 3112 1119 3162 autem
1144 3104 1353 3162 iterum
1380 3103 1455 3162 ad
1481 3111 1706 3163 statuas
1723 3102 1982 3163 oblatam
2005 3124 2042 3163 a
2066 3113 2270 3164 senatu
2295 3126 2410 3176 Dio.

381 3197 715 3279 populoque
742 3200 800 3258 in
840 3200 1008 3277 signa
1049 3198 1325 3259 Publieae
1361 3199 1646 3259 Sanitatis
1692 3198 2160 3279 Concordioeque
2195 3218 2268 3257 ac

381 3292 567 3355 Pacis
592 3296 912 3377 impendit:
944 3316 1110 3356 suam
1134 3295 1351 3355 exinde
1366 3305 1622 3355 statuam
1643 3295 1867 3355 nullam
1887 3295 2049 3355 fecit.
2093 3294 2267 3375 Saepe
2321 3314 2522 3363 gneum,

378 3393 559 3463 enim,
611 3403 675 3453 et
714 3392 983 3471 qualibet
1023 3393 1329 3453 occasione
1382 3392 1538 3453 dona
1592 3392 1740 3452 talia
1789 3392 2145 3454 afferebant:
2189 3392 2268 3452 ad
2293 3376 2420 3492 gie&
2441 3382 2523 3427 ⁵²·

382 3496 707 3549 extremum
764 3492 945 3550 etiam
995 3489 1285 3550 Kalendis
1339 3486 1662 3561 Jannnrfis,
1701 3508 1814 3549 non
1858 3490 1918 3548 in
1963 3508 2268 3549 commune

382 3584 764 3656 conserentes,
810 3588 915 3647 sed
960 3588 1306 3647 accedentes
1358 3585 1574 3666 singuli
1625 3606 1732 3666 pro
1788 3585 1966 3647 modo
2009 3584 2266 3645 faculta-

380 3688 504 3739 tum
530 3681 919 3760 porrigebant.
1001 3685 1239 3749 Quibus
1273 3684 1397 3763 ipse
1435 3683 1805 3753 tantundem,
1848 3694 1952 3741 aut
1995 3680 2268 3761 aliquan-

378 3784 443 3835 to
493 3776 746 3857 amplius
788 3778 1029 3839 reddere
1072 3780 1322 3839 solebat.
1394 3778 1578 3846 Quod
1629 3780 1680 3837 si
1720 3778 1870 3837 forte
1919 3779 2152 3839 abesset
2193 3800 2266 3838 eo
2319 3800 2508 3853 Sueten.

377 3882 660 3953 tempore,
697 3882 894 3933 strena
916 3874 976 3931 in
1022 3874 1325 3955 Capitolio
1355 3877 1680 3955 ponebatur
1699 3896 1717 3945 ;
1762 3895 1880 3953 qua
1919 3894 1996 3934 ex
2039 3895 2266 3935 summa
2287 3865 2524 3931 Aug-⁶⁷·

376 3970 795 4051 pretiosissima
838 3968 1099 4030 Deorum
1132 3971 1447 4031 simulacra
1490 3978 1800 4039 mercatus,
1826 3971 2070 4030 vicatim
2095 3970 2264 4031 dedi-

375 4069 555 4128 cabat
578 4088 595 4137 ς
626 4077 692 4127 ut
718 4067 1065 4149 Apollinem
1088 4066 1543 4139 Sandaliarium,
1568 4078 1634 4127 et
1653 4066 1694 4127 J
1697 4086 1866 4127 ovem
1889 4066 2266 4147 Tragoedum,

376 4162 631 4243 aliaque.
694 4162 817 4225 Sed
841 4184 919 4223 ex
944 4173 1229 4223 nocturno
1254 4165 1383 4225 visu
1402 4165 1613 4244 stipem
1639 4164 1952 4243 quotannis
1977 4164 2075 4225 die
2101 4173 2262 4226 certo
2319 4188 2418 4239 Dio
2449 4198 2500 4239 et

374 4258 785 4321 emendicabat
815 4279 853 4320 a
884 4260 1125 4351 populo,
1161 4280 1373 4322 cavam
1397 4280 1636 4325 manum
1661 4280 1816 4322 asses
1838 4262 2262 4343 porrigentibus
2281 4254 2419 4371 {¹¹¹}ss
2437 4254 2550 4321 Aug

376 4354 657 4437 praebem.
