3159 4959
864 484 931 531 m
947 484 1065 532 BR!
1115 482 1473 534 cxxxiv:
1506 483 1852 533 suppum
1867 486 2062 535 nNTu
2077 488 2151 534 Μ.

388 622 609 682 ouibus
626 621 931 701 adjunges,
954 630 1093 703 ‘qnae
1128 632 1335 703 parata
1357 626 1477 683 sint
1500 624 1576 683 ad
1594 624 1890 703 quoslibet
1905 626 2069 685 'usim
2151 622 2291 685 Nec

400 718 555 777 enim
580 720 637 777 in
676 720 801 798 ipso
839 719 1129 779 bellorum
1170 720 1501 779 discrimine
1528 720 1704 780 facile
1733 723 1904 782 nobis
1929 722 2040 780 erit
2067 721 2292 780 auxilia

396 810 761 885 couti-ahere,
807 817 911 894 qui
952 827 1015 875 et
1054 817 1388 896 provincias
1427 817 1598 895 longe
1639 816 1946 887 d‘mtantes,
1979 827 2042 877 et
2063 818 2292 877 vicinos

395 908 590 968 hostes
632 911 989 970 babeamus:
1048 930 1239 990 neque
1290 912 1630 971 consultum
1661 914 1740 971 sit
1785 933 2073 973 armorum
2119 932 2290 973 usum

382 1004 665 1063 omnibus
700 1008 1027 1084 promiscue
1050 1004 1401 1076 concedere,
1446 1026 1519 1065 ne
1546 1006 1628 1065 ad
1651 1007 1968 1067 seditiones
1991 1016 2168 1087 atque
2195 1009 2286 1067 in·-

384 1100 605 1159 .testina
627 1101 793 1161 bella
820 1103 1157 1161 abutantur.
1243 1101 1349 1161 Sin
1377 1111 1573 1162 autem
1617 1123 1908 1163 armorum
1937 1106 2284 1165 tractatione

388 1195 857 1255 simul-omnibus
882 1198 1274 1267 interdicitur,
1304 1198 1543 1256 imbelle
1578 1207 1758 1278 atque
1793 1200 2126 1279 imperitum
2151 1200 2282 1261 vul-

390 1310 497 1369 gus
520 1292 751 1351 auxilia
772 1293 1197 1371 imperantibus
1220 1295 1475 1352 mittent.

378 1420 391 1435 ι
472 1395 573 1447 50.
616 1398 633 1423 ⁸
668 1388 1061 1449 Utilissimum
1090 1392 1268 1467 igitur
1290 1391 1403 1449 erit
1423 1410 1501 1449 ex
1526 1391 1693 1449 omni
1723 1410 1960 1451 numero
1981 1392 2176 1470 deligi·
2189 1412 2282 1452 ro-

392 1484 535 1542 bore
558 1486 817 1564 corporis
841 1486 1095 1555 validos,
1112 1486 1467 1545 facultatum
1482 1488 1730 1566 sinopes:
1778 1496 1956 1566 atque
1981 1489 2086 1548 hos
2110 1508 2282 1547 exer-

384 1579 511 1637 ceri
538 1581 595 1639 in
626 1582 820 1651 armis,
862 1582 1411 1660 reliquis-omnibus
1448 1584 1676 1643 militiae
1719 1584 2090 1643 vacationem
2133 1585 2282 1645 dari.

382 1674 497 1734 -Ita
522 1686 585 1735 et
622 1677 769 1736 belli
794 1686 857 1736 et
880 1679 1047 1757 pacis
1072 1687 1229 1737 artes
1264 1678 1472 1745 melius
1504 1678 1872 1749 excolentur,
1911 1679 2114 1739 divisis
2137 1682 2284 1741 inter

382 1772 551 1831 ’cives
588 1772 814 1844 officiis,
868 1783 973 1844 et,·
1000 1794 1175 1852 quam
1220 1776 1467 1854 quisque
1514 1774 1794 1855 Spartam
1835 1785 2046 1835 nactus
2085 1776 2280 1848 fuerit,

381 1869 758 1929 ‘continenter
806 1880 1099 1929 ornaturo.
1184 1870 1355 1931 Hinc
1396 1872 1648 1941 eveniet,
1690 1880 1760 1929 ut
1807 1890 1943 1951 pars
1979 1873 2284 1933 bominum

380 1962 657 2033 ferocior,
684 1973 746 2024 et
764 1965 1087 2025 latrociniis
1111 1974 1347 2045 propter
1374 1966 1682 2026 audaciam
1705 1976 1768 2025 et
1781 1966 2035 2046 inopiam
2057 1967 2281 2038 dedita,

386 2062 537 2121 citra
562 2064 910 2140 cujusquam
938 2062 1213 2141 injuriam
1240 2062 1469 2130 alatur:
1512 2070 1576 2121 et
1597 2062 1808 2121 ceteris
1825 2081 1940 2121 non
1969 2063 2047 2121 ab
2072 2064 2166 2122 his
2188 2086 2281 2124 se·-

378 2158 625 2217 curitas‘·
638 2158 818 2219 modo
840 2158 1067 2229 sit,·sed
1094 2160 1273 2218 etiam
1300 2158 1581 2219 adversus
1605 2167 1880 2217 externos
1914 2158 2110 2219 hostes
2133 2180 2280 2240 prae·

376 2252 620 2313 sidium.

442 2355 565 2407 :61-
608 2359 626 2385 ⁸
649 2348 787 2409 Jam
814 2350 1039 2429 pridem
1067 2350 1271 2409 sentio·
1290 2358 1350 2409 te
1390 2360 1736 2431 expectare,
1775 2370 1924 2430 quos
1948 2352 2060 2409 sim
2085 2358 2280 2409 osten-

384 2462 555 2502 surus
594 2444 841 2513 reditus,
884 2445 1237 2505 immanibus
1268 2447 1543 2524 expensis
1582 2466 1774 2525 pares.
1861 2444 2099 2505 Idcirco
2135 2444 2282 2503 mibi

384 2538 753 2645 praefandum
782 2542 895 2601 hoc
920 2541 1053 2602 loco
1078 2552 1187 2611 est,
1210 2542 1436 2602 nullam
1455 2542 1802 2622 reipublicae
1818 2541 2069 2601 formam
2081 2558 2282 2599 carere

376 2636 627 2716 ‘pecunia
650 2658 840 2718 posse,
868 2640 1009 2717 quin
1039 2639 1118 2698 ad
1144 2641 1365 2709 omnia,
1394 2658 1529 2718 quoe
1557 2639 1790 2718 agenda
1827 2647 1990 2709 sunt,
2023 2638 2116 2697 his
2151 2637 2278 2698 vel·

380 2735 468 2794 uti
502 2736 695 2795 nervis
730 2744 1077 2795 moveatur:
1120 2755 1195 2795 ne
1222 2737 1590 2815 principatus
1613 2736 1784 2795 unius
1807 2736 1936 2795 baec
1959 2755 2084 2795 eme
2109 2738 2278 2814 pute-

382 2838 500 2900 tur,
528 2839 631 2889 aut
654 2832 959 2911 praecipua
992 2830 1237 2889 invidia.
1326 2830 1606 2891 Ceterum
1646 2830 1745 2890 hic
1784 2850 2022 2909 quoque
2061 2830 2276 2909 partim

380 2925 615 2985 fortuna
640 2934 749 2985 tua
762 2926 1051 3007 providit,
1070 2928 1281 3006 partim
1302 2926 1700 3005 providebitur
1723 2926 2025 2985 industria.
2093 2924 2280 2985 Mul-

380 3028 461 3079 tae
486 3029 633 3079 sunt
646 3040 724 3079 ex
758 3021 1051 3080 omnibus.
1068 3021 1461 3098 superioribus
1496 3021 1674 3079 bellis
1702 3021 2088 3099 possessiones
2125 3022 2272 3100 pub·

368 3115 533 3175 liene.
619 3116 719 3175 Ex
759 3116 851 3174 his
884 3121 1103 3195 sepone
1130 3134 1351 3193 paucas
1374 3115 1620 3175 maximi
1645 3136 1786 3175 usus
1807 3114 2068 3175 futuras.
2053 3136 2068 3151 ·
2111 3126 2270 3177 cete

2443 467 2616 535 5793

379 3231 476 3271 ras
518 3212 717 3273 venire
745 3212 916 3289 jube.
1000 3210 1333 3271 Pecuniam
1358 3230 1531 3288 aequo
1565 3210 1812 3292 foenore.
1828 3210 2001 3269 crede
2041 3210 2134 3271 his
2167 3213 2274 3290 qui
2325 3225 2444 3273 Tac.
2457 3225 2594 3275 Anu.

377 3403 633 3464 dominis
655 3404 1005 3484 praediorum
1032 3403 1441 3482 praesentibus,
1478 3400 1940 3462 abundantiores
1965 3422 2044 3463 ac
2065 3422 2272 3482 peren-

369 3503 481 3563 ines
504 3501 847 3581 reipublicae
888 3501 1113 3560 fructus
1152 3500 1399 3561 afferet:
1442 3508 1535 3559 et
1545 3518 1624 3559 ex
1664 3498 1904 3559 foenore·
1917 3519 2034 3560 non
2077 3502 2272 3582 asper·

378 3570 575 3657 nanda
598 3617 828 3657 summa
867 3598 1189 3677 proveniet.
1274 3595 1441 3656 Ante
1474 3596 1684 3656 omnia
1722 3616 1864 3657 vero
1903 3605 2026 3657 tum
2065 3598 2270 3658 horum

376 3692 690 3764 redituum,
720 3703 843 3753 tum
870 3714 1067 3753 eorum
1094 3695 1275 3753 'etiam
1302 3693 1501 3773 quiex
1519 3693 1780 3753 metallis
1795 3703 1901 3753 aut
1916 3693 2228 3753 undeunde
2245 3694 2270 3730 ³

362 3789 611 3870 -percipi,
626 3800 963 3851 constanter
987 3789 1201 3859 solent,
1242 3789 1497 3849 ineunda
1538 3789 1692 3849 ratio
1731 3798 1858 3849 est:
1903 3791 2028 3868 pari
2057 3789 2272 3849 deinde

344 3886 699 3958 ,subtilitate
722 3884 1143 3963 indagandum,
1172 3883 1317 3962 quid
1354 3886 1413 3943 in
1440 3886 1629 3944 omnis
1655 3887 1882 3963 generis
1906 3886 2271 3962 erogationes

373 3992 551 4063 atque
576 3982 955 4042 necessitates
980 3981 1262 4061 expendi,
1290 3989 1397 4039 aut
1421 3979 1500 4040 ad
1528 3982 1778 4039 incertos
1801 3981 2268 4060 subitosqueca·

344 4099 469 4139 ,sus
488 4119 496 4127 -
514 4078 833 4159 praeparari
860 4084 1166 4156 ›opor-teat.
1248 4074 1357 4135 Sic
1402 4076 1557 4134 enim
1587 4074 1746 4138 .sciri
1797 4076 1980 4139 ferme
2031 4076 2265 4156 poterit,

820 4284 851 4331 8
883 4279 991 4331 Aut
1008 4280 1133 4331 unde
1148 4279 1473 4345 pereipi‘edil.
1498 4288 1622 4333 ante
1649 4278 1810 4333 Crev-

378 3327 591 3367 cavere
630 3307 855 3387 populo
896 3315 1191 3387 poterunt.
1280 3304 1382 3365 Sic
1420 3314 1482 3365 et
1520 3315 1679 3365 terra
1722 3307 2012 3383 gnaviter
2029 3304 2328 3366 excultav
2296 3352 2364 3401 Di
2333 3292 2476 3403 ¹:·o}⁷
