3159 4959
519 915 2387 1043 SUPPLEMENTUM

1123 1204 1396 1271 LIBRI
1469 1206 1831 1273 CXXVI.

973 1437 1965 1519 HISTORIARUM

723 1700 840 1787 Τ.
948 1702 1334 1793 LIVII
1448 1704 2005 1798 PATAVI
2029 1708 2231 1797 NI.

365 2242 420 2296 1.
463 2218 809 2302 INTRREA
841 2236 933 2298 Μ.
955 2236 1283 2311 Antonius,
1303 2238 1406 2316 qui
1433 2247 1567 2317 post
1588 2236 1893 2297 victoriam
1918 2238 1977 2297 in
2001 2236 2261 2297 Thracia
2286 2240 2576 2293 vellat-⁷⁴.

359 2334 724 2403 substiterat,
765 2333 844 2393 ad
885 2334 1182 2412 cogendas
1221 2334 1481 2413 undique
1515 2335 1816 2413 pecunias,
1858 2336 1919 2394 in
1961 2333 2257 2393 Graeciam
2315 2339 2447 2389 Piut.

358 2449 498 2489 cum
543 2428 748 2489 valido
794 2431 1058 2489 exercitu
1105 2430 1285 2490 venit.
1369 2428 1595 2510 Neque
1639 2431 1837 2509 gravis
1875 2440 1978 2490 aut
2020 2430 2259 2491 odiosus
2286 2404 2467 2453 Anum·

361 2525 653 2607 principio
686 2526 1028 2586 civitatibus
1062 2526 1196 2597 fuit,
1237 2528 1315 2586 ab
1341 2527 1668 2587 acerbitate
1702 2528 1861 2587 omni
1899 2536 2253 2609 temperans,

347 2620 635 2701 ‚ludisque
682 2642 883 2681 eorum
926 2632 988 2681 et
1030 2622 1394 2681 eruditorum
1445 2621 1758 2702 colloquiis
1801 2632 1865 2683 et
1906 2625 2256 2685 coerimoniis

366 2716 630 2778 Deorum
672 2718 926 2778 deditus.
1013 2716 1246 2779 Idcirco
1272 2718 1454 2799 vulgo
1494 2729 1511 2756 ⁶
1537 2716 1885 2780 Graecorum
1923 2720 2254 2793 studiosus,’

362 2814 466 2874 sed
515 2814 776 2895 inprimis
830 2823 849 2850 ‘
879 2822 1107 2875 amator
1152 2814 1607 2876 Atheniensium
1632 2818 1651 2845 '
1693 2816 1889 2877 vocari
1934 2817 2255 2894 gaudebat,

365 2910 561 2969 multis
585 2912 642 2969 in
671 2932 804 2971 eam
829 2912 1134 2972 civitatem
1167 2912 1402 2973 collatis
1437 2912 1761 2973 beneficiis.
1845 2910 2015 2972 Nam
2040 2912 2255 2975 deinde
2312 2944 2525 3010 Appian-

361 3016 425 3067 et
449 3006 746 3085 AEginam,
771 3016 835 3066 et
859 3006 1071 3079 Ceam,
1095 3016 1160 3067 et
1185 3006 1513 3079 Sciathum,
1538 3017 1601 3068 et
1624 3007 2057 3088 Peparethum,
2075 3009 2255 3071 alias-
2279 3010 2389 3061 civ.
2414 3026 2468 3057 v.

368 3124 484 3182 que
509 3103 728 3163 insulas
765 3102 1059 3163 reddidit:
1101 3113 1165 3164 et
1200 3104 1585 3184 Megarenses
1610 3104 2063 3164 Atheniensium
2098 3105 2251 3167 deri·

361 3199 438 3257 sit
499 3199 760 3259 aemulos.
843 3198 1122 3277 Rogatus
1174 3200 1328 3259 enim
1384 3202 1461 3260 ab
1511 3200 1626 3270 his,
1682 3200 1766 3259 uti
1817 3200 2038 3259 curiam
2085 3221 2253 3261 suam
2278 3204 2411 3255 Plut.

359 3302 676 3373 spectaret,
709 3294 812 3354 ubi
843 3294 1158 3376 spectavit,
1193 3296 1587 3375 quaerentibus
1612 3293 1941 3375 qualisnam
1978 3316 2055 3355 ea
2090 3296 2253 3357 vide-

361 3398 542 3463 retur,
583 3400 600 3427 ⁸
623 3391 946 3470 Angusta,’
983 3391 1196 3471 inquit,
1239 3400 1258 3427 ‘
1281 3400 1343 3451 et
1381 3390 1659 3451 ruinosa.'
1742 3390 1906 3471 Ergo
1949 3400 2011 3451 et
2058 3392 2251 3454 Athe-

235 3516 244 3523 ·
365 3484 591 3546 nienses
633 3486 808 3547 solita
852 3488 1114 3548 vanitate
1161 3485 1484 3547 retulerunt
1532 3487 1591 3547 ei
1643 3488 1913 3566 gratiam,
1965 3488 2253 3550 initiando

363 3582 655 3660 mysteriis
697 3583 838 3654 suis,
884 3582 1224 3643 honorando
1268 3586 1504 3655 statuis,
1548 3603 1684 3644 cum
1733 3582 1949 3662 injuria
1992 3594 2253 3645 veterum
2313 3592 2459 3652 Infra,

364 3696 590 3754 regum,
617 3700 656 3739 a
679 3680 892 3759 quibus
915 3680 1164 3758 majores
1188 3699 1388 3740 eorum
1428 3679 1725 3758 insigniter
1758 3678 1954 3758 adjuti
1988 3679 2252 3760 cultique
2277 3664 2575 3710 ⁰¹¹¹¹¹'²⁰·

362 3769 614 3833 fuerant.
697 3774 866 3834 Nam
905 3784 970 3835 et
1001 3774 1204 3837 Attali
1251 3775 1653 3854 Eumenisque
1697 3774 1954 3836 colossos
1998 3773 2231 3834 Antoni

361 3870 596 3930 nomine
621 3870 1050 3951 inscripserunt.

444 3974 506 4027 2.
550 3965 868 4027 Dimensus
894 3965 1110 4027 deinde
1136 3964 1350 4046 Pythii
1389 3963 1617 4035 fanum,
1659 3963 1734 4022 de
1768 3964 1939 4041 cujus
1963 3964 2249 4025 instaura·
2280 3968 2405 4020 Piut.

361 4064 520 4125 tione
547 4063 624 4125 ad
651 4072 918 4123 senatum
938 4064 1376 4143 perscripserat,
1404 4060 1709 4140 Lucioque
1730 4059 2055 4120 Censorino
2076 4060 2249 4121 Grae-

363 4160 472 4219 ciae
509 4161 845 4240 praeposito,
869 4152 946 4219 'in
987 4158 1202 4219 Asiam
1242 4156 1492 4227 transiit,
1519 4157 1655 4234 jam
1692 4163 1957 4215 cessante
1992 4158 2253 4237 periculo

365 4254 676 4329 remissior,
715 4264 776 4317 et
801 4254 878 4315 ad
905 4256 1110 4338 prioris
1144 4254 1284 4316 vitae
1323 4252 1631 4315 mollitiem
1658 4251 1977 4313 revolutus.
2009 4320 2015 4325 ,
2060 4252 2251 4335 Igitur
