3159 4959
620 431 795 497 5878

624 605 743 653 Dio.

1572 444 1642 493 T.
1693 442 1887 492 mvn

1024 590 1085 645 2.
1128 585 1341 644 Asiam
1388 582 1604 646 deinde
1653 595 1824 645 terrae
1875 584 2131 644 motibus
2177 584 2384 643 misere
2435 578 2838 644 conflictatam

948 678 1262 752 levaturus,
1293 700 1547 740 annuum
1572 684 1702 760 ejus
1727 683 2012 741 tributum
2035 678 2110 739 de
2132 700 2240 739 sua
2269 679 2521 759 pecunia
2545 678 2744 739 inferri
2767 682 2838 739 in

950 777 1217 835 oerarium
1248 778 1468 853 jussit:
1510 786 1572 835 et
1609 777 1742 837 loeo
1777 776 2174 857 proconsulis⁶
2213 775 2468 853 legatum
2496 776 2553 834 ei
2577 794 2656 834 ex
2681 794 2838 855 prae-

948 874 1173 932 toribus
1196 874 1403 931 sortito
1430 873 1489 931 in
1514 873 1812 931 biennium
1836 873 2021 931 dedit.
2109 870 2265 930 Cum
2307 870 2487 951 paulo
2524 880 2662 929 ante
2703 872 2836 930 haee

949 978 1216 1049 tempora
1240 970 1297 1027 in
1308 966 1544 1047 judicio
1572 969 1828 1047 quodam
1853 962 2244 1027 Maecenatem
2269 978 2330 1026 et
2346 965 2672 1047 Apuleium
2687 973 2707 1000 ¹
2731 988 2838 1027 ve-

948 1064 1249 1125 hementer
1271 1065 1565 1142 exagitari
1592 1066 1668 1123 ab
1694 1074 2029 1124 accusatore
2055 1063 2455 1143 comperisset,
2476 1062 2638 1141 quod
2665 1064 2838 1123 adul-

948 1160 1080 1219 terii
1103 1180 1202 1219 reo
1226 1160 1612 1239 patrocinium
1637 1161 2014 1240 praestabant‚
2029 1159 2193 1219 venit
2211 1159 2270 1216 in
2286 1156 2580 1235 judicium
2603 1159 2836 1238 etipse,

947 1266 1009 1316 et
1047 1258 1109 1316 in
1148 1255 1431 1314 tribunali
1468 1255 1796 1326 considens,
1824 1254 1970 1313 nihil
2011 1253 2156 1313 fecit
2189 1254 2446 1331 gravius,
2469 1272 2649 1333 quam
2675 1254 2836 1333 quod

948 1353 1068 1410 suis
1091 1350 1471 1432 propinquis‘¹
1510 1353 1832 1430 amicisque
1859 1370 1976 1411 non
2000 1350 2232 1430 placere
2257 1349 2574 1409 conviciari
2594 1368 2836 1408 accusa-

948 1454 1129 1505 torem
1156 1445 1389 1515 effatm,
1408 1446 1577 1505 abiit.
1659 1446 1762 1505 Ob
1787 1446 1916 1505 haec
1945 1454 2124 1524 atque
2149 1444 2299 1503 talia
2321 1444 2628 1524 popularia
2651 1426 2833 1515 ficta,

946 1552 1157 1603 statuae
1184 1543 1240 1602 ei
1266 1562 1343 1602 ex
1368 1542 1664 1601 collatitia
1683 1542 1932 1622 pecunia
1955 1550 2093 1599 sunt
2117 1540 2354 1619 positae:
2397 1538 2833 1619 decretumque,

950 1648 967 1675 ‘
988 1648 1054 1698 ut
1078 1640 1135 1698 in
1162 1640 1439 1697 honorem
1464 1640 1614 1715 ejus,
1637 1637 1922 1697 natalitiis
1941 1636 2200 1716 Augusti
2224 1635 2380 1697 ludis
2402 1638 2582 1695 etiam
2600 1636 2840 1697 coelibes

948 1742 1208 1813 spectare
1234 1733 1747 1811 permitterentur.’

628 1850 922 1900 velta-96.
1029 1836 1087 1887 3.
1132 1828 1409 1887 Ceterum
1452 1848 1608 1887 mors
1648 1826 1938 1907 Agrippae
1979 1827 2286 1888 Tiberium
2333 1827 2558 1887 Coesari
2602 1829 2840 1908 propius

630 1995 667 2027 r.
693 1982 743 2027 8.

626 2042 744 2091 Dio.

657 1916 773 1963 '¹⁸⁸⁰-
794 1912 923 1962 ΑΜ·
950 1924 1231 1995 admovit,
1256 1924 1419 1983 socio
1444 1922 1714 1983 laborum
1740 1923 2046 2003 indigenti,
2071 1932 2136 1984 et
2160 1923 2394 1983 infirma
2427 1922 2622 1983 adhuc
2659 1933 2836 1985 aetate

949 2030 1244 2100 nepotum.
1350 2019 1541 2098 Igitur
1605 2020 1848 2080 habenti
1914 2023 1972 2079 in
2039 2021 2407 2080 matrimonio
2456 2018 2834 2099 Vipsanium,

656 2106 857 2155 sueton.
950 2116 1242 2196 Agrippae
1280 2114 1469 2175 filiam
1506 2135 1585 2175 ex
1613 2118 1804 2197 priore
1829 2117 2222 2186 matrimonio,
2249 2114 2540 2175 dimittere
2567 2134 2834 2195 uxorem,

626 2168 759 2233 Aug.
775 2172 857 2219 68.
874 2176 925 2217 et

625 2232 735 2281 Tib.
756 2236 806 2281 7.

626 2296 758 2345 ven.
774 2295 891 2345 Dio.

659 2360 857 2409 Sueton-

948 2220 1011 2270 et
1036 2206 1399 2290 despondere
1438 2211 1551 2270 sibi
1591 2210 1818 2271 Juliam
1855 2213 2156 2291 praecepit.
2239 2210 2648 2271 Nuntiabatur
2683 2212 2834 2271 inte—

948 2306 1061 2365 rim
1098 2306 1444 2366 tumultuari
1482 2306 1851 2399 Pannonios,
1879 2305 2084 2367 audita
2115 2316 2301 2367 morte
2328 2307 2640 2388 Agrippae,
2665 2311 2837 2385 cnjus

624 2425 755 2487 Aug.
772 2428 853 2474 21.
876 2431 927 2473 et
948 2411 1109 2462 metu
1132 2403 1496 2483 quieverant.
1580 2402 1816 2479 Idcirco
1841 2403 2048 2462 missus
2072 2404 2128 2462 in
2156 2402 2263 2461 hos
2285 2402 2578 2473 Tiberius,
2603 2406 2838 2483 egregia

628 2489 740 2537 Tib.
782 2494 832 2537 9.

631 2552 763 2601 ven.
786 2551 905 2604 Dio.

660 2778 856 2825 Sueton-

628 2841 763 2903 Aug.
786 2843 868 2890 ²1.

626 2902 745 2951 Dio.

660 2966 858 3019 Sueton.

626 3028 735 3079 Tib.
750 3036 803 3081 9.

952 2497 1393 2558 Scordiscorum
1436 2518 1640 2579 opera,
1685 2498 1790 2579 qui
1837 2499 2016 2558 vicini
2060 2498 2392 2558 Pannoniis
2437 2507 2502 2558 et
2545 2496 2837 2559 armatura

950 2601 1192 2673 totaque
1238 2594 1471 2674 reliqua
1508 2594 1732 2654 ratione
1772 2594 1918 2653 belli
1955 2594 2178 2654 similes
2213 2596 2371 2665 sunt,
2395 2596 2677 2655 evastatis
2714 2596 2833 2654 late

950 2689 1240 2759 omnibus,
1294 2696 1527 2765 gentem
1571 2688 1650 2748 ad
1707 2688 2104 2768 repetendam,
2149 2708 2334 2768 quam·
2376 2690 2676 2767 abjecerat
2725 2712 2832 2773 pa-

946 2800 1100 2851 cem,
1134 2784 1348 2859 coegit.
1432 2782 1628 2842 Arma
1659 2784 1834 2842 victis
1867 2782 2124 2854 ademta,
2153 2804 2514 2865 magnusque
2533 2786 2832 2863 juniorum

948 2894 1219 2937 numerus
1272 2897 1346 2937 ea
1400 2876 1531 2955 lege
1589 2874 1944 2950 divenditus,
1995 2898 2070 2938 ne
2118 2880 2178 2937 in
2233 2880 2577 2960 propinquis
2625 2883 2830 2959 patriae

946 2992 1067 3033 suae
1116 2972 1453 3050 regionibus
1498 2972 1868 3033 haberentur.
1949 2972 2332 3054 Triumphum
2369 2975 2450 3034 ob
2487 2975 2614 3035 haec
2649 2974 2829 3035 Tibe-

946 3068 1036 3127 rio
1070 3066 1450 3126 decreverant
1498 3074 1726 3146 patres:
1769 3067 2079 3146 Augustus
2115 3072 2244 3147 ejus
2277 3070 2410 3129 loco
2455 3070 2832 3151 triumphalia

946 3158 1005 3223 ei
1028 3170 1373 3221 ornamenta
1394 3162 1583 3234 dedit,
1611 3180 1787 3233 novo,
1813 3182 1924 3223 nec
1947 3172 2125 3224 antea
2157 3166 2457 3245 cuiquam,
2483 3166 2705 3226 tributo
2729 3186 2830 3245 ge-

946 3277 1083 3317 nere
1107 3259 1359 3319 honoris.

1026 3360 1086 3412 4.
1130 3352 1296 3411 Dum
1334 3352 1421 3411 ita
1456 3351 1726 3412 Tiberius
1765 3372 2034 3414 successu
2075 3356 2440 3435 proemiisque
2479 3376 2720 3437 operum
2757 3376 2830 3417 ac

947 3447 1217 3507 laborum
1254 3446 1567 3520 attollitur,
1595 3448 1757 3509 haud
1799 3450 1986 3509 minus
2025 3449 2192 3509 fratri
2231 3454 2360 3529 ejus
2399 3451 2596 3511 Druso
2619 3452 2830 3531 quaeai-

1076 3631 1103 3676 l
1139 3626 1405 3691 Agrippan
1427 3627 1549 3677 edd.
1568 3634 1692 3679 ante
1713 3628 1868 3679 Crev.
1931 3629 2013 3679 Ex
2035 3630 2208 3683 Dione
2229 3632 2462 3684 correxit
2483 3632 2633 3683 Crev.

1690 3755 1807 3777 0001
1815 3754 2052 3777 00000000

1009 3851 1031 3877 t
1072 3842 1143 3892 Et
1183 3844 1280 3892 loco
1316 3844 1627 3909 proconsulis]
1673 3846 1853 3896 Frein-
1920 3847 2185 3910 telligitur.
2241 3848 2358 3904 Dio,
2381 3860 2492 3899 mr.
2557 3850 2663 3899 Sex
2689 3848 2828 3913 Apu-

942 3906 1169 3983 obernum
1188 3907 1271 3983 hic
1292 3906 1491 3985 divinat
1518 3910 1712 3975 potins,
1732 3912 1855 3975 qnid
1917 3912 2091 3969 lerum,
2114 3926 2215 3977 quo
2247 3914 2456 3962 concula
2488 3920 2717 3963 mortuus
2749 3922 2829 3964 est

946 3971 1169 4021 voluisse
1208 3970 1383 4022 ducere
1423 3972 1642 4023 Dionem
1681 3976 1857 4025 existi·
1920 3975 2206 4037 Augustus,
2223 3976 2464 4040 principis
2486 3978 2829 4041 propinquum

944 4042 1262 4149 1¹:¹32&ss
1274 4036 1323 4149 3³
1330 4038 1855 4153 ‘30'33‘02'32222‘1
1917 4040 2827 4156 {zhzzzffffss‘ss‘a51²1.?:.f,·÷¹;.1†123

948 4170 1111 4211 torem
1134 4116 1471 4239 parumpclara
1494 4174 1592 4215 est.
1625 4168 1763 4217 Crev-
1797 4118 1830 4168 p
1919 4138 2108 4221 sciuris
2129 4120 2367 4235 Augusti)
2373 4178 2600 4236 neptem.
2638 4172 2775 4221 Creo.

1013 4224 1037 4259 ἅ
1064 4224 1181 4276 Suu
1195 4228 1491 4295 propinquis]
1513 4229 1761 4295 Apuleius
1779 4232 1855 4281 in·
