<?xml version="1.0" encoding="UTF-8"?>
<!DOCTYPE html PUBLIC "-//W3C//DTD XHTML 1.0 Transitional//EN"
    "http://www.w3.org/TR/xhtml1/DTD/xhtml1-transitional.dtd">
<html xmlns="http://www.w3.org/1999/xhtml" xml:lang="en" lang="en">
 <head>
  <title>
</title>
<meta http-equiv="Content-Type" content="text/html;charset=utf-8" />
  <meta name='ocr-system' content='tesseract 3.04.00' />
  <meta name='ocr-capabilities' content='ocr_page ocr_carea ocr_par ocr_line ocrx_word'/>
</head>
<body>
  <div class='ocr_page' id='page_1' title='image "./tliviipatavinih09livygoog_0277.png"; bbox 0 0 3159 4959; ppageno 0'>
   <div class='ocr_carea' id='block_1_1' title="bbox 872 407 2626 472">
    <p class='ocr_par' dir='ltr' id='par_1_1' title="bbox 872 407 2626 472">
     <span class='ocr_line' id='line_1_1' title="bbox 872 407 2626 472; baseline 0.003 -6"><span class='ocrx_word' id='word_1_1' title='bbox 872 419 1073 468; x_wconf 74' lang='lat' dir='ltr'><strong>maai</strong></span> <span class='ocrx_word' id='word_1_2' title='bbox 1125 419 1476 468; x_wconf 75' lang='lat' dir='ltr'><strong>cxxxiii.</strong></span> <span class='ocrx_word' id='word_1_3' title='bbox 1522 419 1862 468; x_wconf 63' lang='lat' dir='ltr'><strong>suenum</strong></span> <span class='ocrx_word' id='word_1_4' title='bbox 1879 422 2162 472; x_wconf 67' lang='lat' dir='ltr'><strong>aurun.</strong></span> <span class='ocrx_word' id='word_1_5' title='bbox 2447 407 2626 472; x_wconf 76' lang='lat'><strong>5749</strong></span> 
     </span>
    </p>
   </div>
   <div class='ocr_carea' id='block_1_2' title="bbox 388 557 2635 4198">
    <p class='ocr_par' dir='ltr' id='par_1_2' title="bbox 388 557 2356 1676">
     <span class='ocr_line' id='line_1_2' title="bbox 486 557 2302 642; baseline 0.001 -22"><span class='ocrx_word' id='word_1_6' title='bbox 486 567 587 620; x_wconf 76' lang='lat'><strong>45.</strong></span> <span class='ocrx_word' id='word_1_7' title='bbox 630 557 757 620; x_wconf 88' lang='lat' dir='ltr'><strong>Sub</strong></span> <span class='ocrx_word' id='word_1_8' title='bbox 800 560 931 620; x_wconf 76' lang='lat' dir='ltr'><strong>haec</strong></span> <span class='ocrx_word' id='word_1_9' title='bbox 971 569 1237 640; x_wconf 85' lang='lat' dir='ltr'><strong>tempora</strong></span> <span class='ocrx_word' id='word_1_10' title='bbox 1274 579 1505 640; x_wconf 80' lang='lat' dir='ltr'><strong>semper</strong></span> <span class='ocrx_word' id='word_1_11' title='bbox 1550 563 1902 621; x_wconf 82' lang='lat' dir='ltr'><strong>obversante</strong></span> <span class='ocrx_word' id='word_1_12' title='bbox 1945 564 2302 642; x_wconf 75' lang='lat' dir='ltr'><strong>cogitatione</strong></span> 
     </span>
     <span class='ocr_line' id='line_1_3' title="bbox 408 656 2356 736; baseline 0.003 -23"><span class='ocrx_word' id='word_1_13' title='bbox 408 667 823 726; x_wconf 86' lang='lat' dir='ltr'><strong>extremorum,</strong></span> <span class='ocrx_word' id='word_1_14' title='bbox 864 656 1049 736; x_wconf 79' lang='lat' dir='ltr'><strong>pridie</strong></span> <span class='ocrx_word' id='word_1_15' title='bbox 1092 676 1271 736; x_wconf 86' lang='lat' dir='ltr'><strong>quam</strong></span> <span class='ocrx_word' id='word_1_16' title='bbox 1316 667 1471 716; x_wconf 79' lang='lat' dir='ltr'><strong>terra</strong></span> <span class='ocrx_word' id='word_1_17' title='bbox 1510 659 1774 736; x_wconf 87' lang='lat' dir='ltr'><strong>marique</strong></span> <span class='ocrx_word' id='word_1_18' title='bbox 1816 657 2112 718; x_wconf 78' lang='lat' dir='ltr'><strong>Coesarem</strong></span> <span class='ocrx_word' id='word_1_19' title='bbox 2161 658 2302 718; x_wconf 83' lang='lat' dir='ltr'><strong>ado-</strong></span> <span class='ocrx_word' id='word_1_20' title='bbox 2348 671 2356 678; x_wconf 86' lang='lat'>&#39;</span> 
     </span>
     <span class='ocr_line' id='line_1_4' title="bbox 409 754 2304 832; baseline 0.001 -19"><span class='ocrx_word' id='word_1_21' title='bbox 409 755 509 814; x_wconf 88' lang='lat' dir='ltr'><strong>riri</strong></span> <span class='ocrx_word' id='word_1_22' title='bbox 552 761 859 821; x_wconf 70' lang='lat' dir='ltr'><strong>statuerat,</strong></span> <span class='ocrx_word' id='word_1_23' title='bbox 907 773 1080 832; x_wconf 84' lang='lat' dir='ltr'><strong>super</strong></span> <span class='ocrx_word' id='word_1_24' title='bbox 1122 772 1349 813; x_wconf 83' lang='lat' dir='ltr'><strong>coenam</strong></span> <span class='ocrx_word' id='word_1_25' title='bbox 1384 755 1627 832; x_wconf 80' lang='lat' dir='ltr'><strong>jussisse</strong></span> <span class='ocrx_word' id='word_1_26' title='bbox 1671 774 1868 814; x_wconf 81' lang='lat' dir='ltr'><strong>servos</strong></span> <span class='ocrx_word' id='word_1_27' title='bbox 1907 754 2110 824; x_wconf 85' lang='lat' dir='ltr'><strong>fertur,</strong></span> <span class='ocrx_word' id='word_1_28' title='bbox 2155 755 2304 814; x_wconf 78' lang='lat' dir='ltr'><strong>invi-</strong></span> 
     </span>
     <span class='ocr_line' id='line_1_5' title="bbox 406 848 2304 928; baseline 0 -20"><span class='ocrx_word' id='word_1_29' title='bbox 406 857 603 908; x_wconf 88' lang='lat' dir='ltr'><strong>tarent</strong></span> <span class='ocrx_word' id='word_1_30' title='bbox 668 869 731 907; x_wconf 88' lang='lat' dir='ltr'><strong>se</strong></span> <span class='ocrx_word' id='word_1_31' title='bbox 776 848 1059 908; x_wconf 85' lang='lat' dir='ltr'><strong>hilarius:</strong></span> <span class='ocrx_word' id='word_1_32' title='bbox 1130 858 1146 884; x_wconf 92' lang='lat'>‘</span> <span class='ocrx_word' id='word_1_33' title='bbox 1178 849 1575 928; x_wconf 79' lang='lat' dir='ltr'><strong>perincertum</strong></span> <span class='ocrx_word' id='word_1_34' title='bbox 1631 851 1790 908; x_wconf 86' lang='lat' dir='ltr'><strong>enim</strong></span> <span class='ocrx_word' id='word_1_35' title='bbox 1835 869 1982 920; x_wconf 86' lang='lat' dir='ltr'><strong>esse,</strong></span> <span class='ocrx_word' id='word_1_36' title='bbox 2035 858 2304 909; x_wconf 89' lang='lat' dir='ltr'><strong>utrumne</strong></span> 
     </span>
     <span class='ocr_line' id='line_1_6' title="bbox 388 944 2305 1026; baseline 0.002 -21"><span class='ocrx_word' id='word_1_37' title='bbox 388 945 687 1026; x_wconf 79' lang='lat' dir='ltr'><strong>&#39;postridie</strong></span> <span class='ocrx_word' id='word_1_38' title='bbox 722 944 913 1006; x_wconf 88' lang='lat' dir='ltr'><strong>eidem</strong></span> <span class='ocrx_word' id='word_1_39' title='bbox 947 945 1193 1005; x_wconf 87' lang='lat' dir='ltr'><strong>domino</strong></span> <span class='ocrx_word' id='word_1_40' title='bbox 1228 946 1347 1004; x_wconf 89' lang='lat' dir='ltr'><strong>sint</strong></span> <span class='ocrx_word' id='word_1_41' title='bbox 1374 946 1792 1004; x_wconf 67' lang='lat' dir='ltr'><strong>ministraturi!</strong></span> <span class='ocrx_word' id='word_1_42' title='bbox 1877 945 2106 1006; x_wconf 77' lang='lat' dir='ltr'><strong>Eadem</strong></span> <span class='ocrx_word' id='word_1_43' title='bbox 2133 957 2305 1008; x_wconf 88' lang='lat' dir='ltr'><strong>nocte</strong></span> 
     </span>
     <span class='ocr_line' id='line_1_7' title="bbox 406 1041 2304 1123; baseline -0.001 -21"><span class='ocrx_word' id='word_1_44' title='bbox 406 1043 561 1102; x_wconf 88' lang='lat' dir='ltr'><strong>inter</strong></span> <span class='ocrx_word' id='word_1_45' title='bbox 592 1042 923 1100; x_wconf 78' lang='lat' dir='ltr'><strong>moestitiam</strong></span> <span class='ocrx_word' id='word_1_46' title='bbox 958 1060 1365 1120; x_wconf 75' lang='lat' dir='ltr'><strong>suspensorum</strong></span> <span class='ocrx_word' id='word_1_47' title='bbox 1395 1049 1457 1100; x_wconf 89' lang='lat' dir='ltr'><strong>et</strong></span> <span class='ocrx_word' id='word_1_48' title='bbox 1490 1041 1820 1101; x_wconf 81' lang='lat' dir='ltr'><strong>tristissima</strong></span> <span class='ocrx_word' id='word_1_49' title='bbox 1855 1044 2304 1123; x_wconf 84' lang='lat' dir='ltr'><strong>opperientium‚</strong></span> 
     </span>
     <span class='ocr_line' id='line_1_8' title="bbox 406 1137 2308 1216; baseline 0 -20"><span class='ocrx_word' id='word_1_50' title='bbox 406 1138 604 1197; x_wconf 83' lang='lat' dir='ltr'><strong>subito</strong></span> <span class='ocrx_word' id='word_1_51' title='bbox 644 1147 855 1197; x_wconf 88' lang='lat' dir='ltr'><strong>cantus</strong></span> <span class='ocrx_word' id='word_1_52' title='bbox 892 1137 1287 1216; x_wconf 77' lang='lat' dir='ltr'><strong>strepitusque</strong></span> <span class='ocrx_word' id='word_1_53' title='bbox 1332 1156 1436 1216; x_wconf 85' lang='lat' dir='ltr'><strong>per</strong></span> <span class='ocrx_word' id='word_1_54' title='bbox 1470 1137 1728 1196; x_wconf 86' lang='lat' dir='ltr'><strong>mediam</strong></span> <span class='ocrx_word' id='word_1_55' title='bbox 1765 1137 1966 1196; x_wconf 87' lang='lat' dir='ltr'><strong>urbem</strong></span> <span class='ocrx_word' id='word_1_56' title='bbox 2011 1139 2308 1198; x_wconf 85' lang='lat' dir='ltr'><strong>bacchan-</strong></span> 
     </span>
     <span class='ocr_line' id='line_1_9' title="bbox 408 1231 2310 1313; baseline -0.001 -20"><span class='ocrx_word' id='word_1_57' title='bbox 408 1235 556 1294; x_wconf 79' lang='lat' dir='ltr'><strong>tium</strong></span> <span class='ocrx_word' id='word_1_58' title='bbox 592 1233 853 1301; x_wconf 86' lang='lat' dir='ltr'><strong>auditus,</strong></span> <span class='ocrx_word' id='word_1_59' title='bbox 890 1231 1108 1291; x_wconf 88' lang='lat' dir='ltr'><strong>deinde</strong></span> <span class='ocrx_word' id='word_1_60' title='bbox 1142 1252 1248 1310; x_wconf 82' lang='lat' dir='ltr'><strong>per</strong></span> <span class='ocrx_word' id='word_1_61' title='bbox 1290 1233 1600 1292; x_wconf 82' lang='lat' dir='ltr'><strong>obversam</strong></span> <span class='ocrx_word' id='word_1_62' title='bbox 1637 1233 1791 1292; x_wconf 87' lang='lat' dir='ltr'><strong>hosti</strong></span> <span class='ocrx_word' id='word_1_63' title='bbox 1831 1241 2060 1313; x_wconf 82' lang='lat' dir='ltr'><strong>portam</strong></span> <span class='ocrx_word' id='word_1_64' title='bbox 2099 1251 2310 1310; x_wconf 80' lang='lat' dir='ltr'><strong>magno</strong></span> 
     </span>
     <span class='ocr_line' id='line_1_10' title="bbox 409 1327 2313 1408; baseline 0.001 -21"><span class='ocrx_word' id='word_1_65' title='bbox 409 1329 664 1388; x_wconf 88' lang='lat' dir='ltr'><strong>tumultu</strong></span> <span class='ocrx_word' id='word_1_66' title='bbox 688 1328 1051 1396; x_wconf 85' lang='lat' dir='ltr'><strong>exeuntium,</strong></span> <span class='ocrx_word' id='word_1_67' title='bbox 1072 1327 1318 1386; x_wconf 85' lang='lat' dir='ltr'><strong>curiosis</strong></span> <span class='ocrx_word' id='word_1_68' title='bbox 1343 1327 1553 1387; x_wconf 89' lang='lat' dir='ltr'><strong>talium</strong></span> <span class='ocrx_word' id='word_1_69' title='bbox 1572 1329 2008 1407; x_wconf 82' lang='lat' dir='ltr'><strong>conjectoribus</strong></span> <span class='ocrx_word' id='word_1_70' title='bbox 2026 1329 2313 1408; x_wconf 75' lang='lat' dir='ltr'><strong>persuasit</strong></span> 
     </span>
     <span class='ocr_line' id='line_1_11' title="bbox 411 1422 2312 1506; baseline 0.001 -22"><span class='ocrx_word' id='word_1_71' title='bbox 411 1425 703 1484; x_wconf 79' lang='lat' dir='ltr'><strong>excedere</strong></span> <span class='ocrx_word' id='word_1_72' title='bbox 744 1425 967 1493; x_wconf 89' lang='lat' dir='ltr'><strong>Deum,</strong></span> <span class='ocrx_word' id='word_1_73' title='bbox 994 1434 1057 1483; x_wconf 87' lang='lat' dir='ltr'><strong>et</strong></span> <span class='ocrx_word' id='word_1_74' title='bbox 1096 1422 1173 1481; x_wconf 83' lang='lat' dir='ltr'><strong>ad</strong></span> <span class='ocrx_word' id='word_1_75' title='bbox 1212 1423 1407 1484; x_wconf 83' lang='lat' dir='ltr'><strong>hostes</strong></span> <span class='ocrx_word' id='word_1_76' title='bbox 1440 1427 1708 1495; x_wconf 87' lang='lat' dir='ltr'><strong>transire,</strong></span> <span class='ocrx_word' id='word_1_77' title='bbox 1739 1445 1912 1504; x_wconf 88' lang='lat' dir='ltr'><strong>quem</strong></span> <span class='ocrx_word' id='word_1_78' title='bbox 1950 1445 2071 1506; x_wconf 80' lang='lat' dir='ltr'><strong>proe</strong></span> <span class='ocrx_word' id='word_1_79' title='bbox 2105 1428 2312 1486; x_wconf 78' lang='lat' dir='ltr'><strong>ceteris</strong></span> 
     </span>
     <span class='ocr_line' id='line_1_12' title="bbox 414 1520 2307 1598; baseline 0 -18"><span class='ocrx_word' id='word_1_80' title='bbox 414 1521 739 1591; x_wconf 75' lang='lat' dir='ltr'><strong>Antonius,</strong></span> <span class='ocrx_word' id='word_1_81' title='bbox 784 1522 923 1580; x_wconf 77' lang='lat' dir='ltr'><strong>vitae</strong></span> <span class='ocrx_word' id='word_1_82' title='bbox 974 1520 1323 1598; x_wconf 86' lang='lat' dir='ltr'><strong>habitusque</strong></span> <span class='ocrx_word' id='word_1_83' title='bbox 1368 1521 1648 1582; x_wconf 79' lang='lat' dir='ltr'><strong>affectata</strong></span> <span class='ocrx_word' id='word_1_84' title='bbox 1697 1522 2102 1591; x_wconf 78' lang='lat' dir='ltr'><strong>similitudine,</strong></span> <span class='ocrx_word' id='word_1_85' title='bbox 2146 1522 2307 1582; x_wconf 92' lang='lat' dir='ltr'><strong>colu-</strong></span> 
     </span>
     <span class='ocr_line' id='line_1_13' title="bbox 414 1616 579 1676; baseline 0.012 -2"><span class='ocrx_word' id='word_1_86' title='bbox 414 1616 579 1676; x_wconf 77' lang='lat' dir='ltr'><strong>isset.</strong></span> 
     </span>
    </p>

    <p class='ocr_par' dir='ltr' id='par_1_3' title="bbox 414 1710 2635 3317">
     <span class='ocr_line' id='line_1_14' title="bbox 492 1710 2472 1790; baseline 0.001 -21"><span class='ocrx_word' id='word_1_87' title='bbox 492 1718 592 1790; x_wconf 70' lang='lat'><strong>⁴5⁶·</strong></span> <span class='ocrx_word' id='word_1_88' title='bbox 640 1710 853 1770; x_wconf 85' lang='lat' dir='ltr'><strong>Prima</strong></span> <span class='ocrx_word' id='word_1_89' title='bbox 872 1711 1087 1772; x_wconf 88' lang='lat' dir='ltr'><strong>deinde</strong></span> <span class='ocrx_word' id='word_1_90' title='bbox 1108 1713 1241 1772; x_wconf 90' lang='lat' dir='ltr'><strong>luce</strong></span> <span class='ocrx_word' id='word_1_91' title='bbox 1267 1711 1559 1772; x_wconf 74' lang='lat' dir='ltr'><strong>Kalendis</strong></span> <span class='ocrx_word' id='word_1_92' title='bbox 1578 1711 1927 1781; x_wconf 82' lang='lat' dir='ltr'><strong>Sextilibus,</strong></span> <span class='ocrx_word' id='word_1_93' title='bbox 1947 1731 2108 1782; x_wconf 86' lang='lat' dir='ltr'><strong>cum,</strong></span> <span class='ocrx_word' id='word_1_94' title='bbox 2129 1711 2309 1771; x_wconf 84' lang='lat' dir='ltr'><strong>educ·</strong></span> <span class='ocrx_word' id='word_1_95' title='bbox 2335 1731 2472 1784; x_wconf 69' lang='lat' dir='ltr'><strong>Oros.</strong></span> 
     </span>
     <span class='ocr_line' id='line_1_15' title="bbox 416 1795 2635 1889; baseline -0 -21"><span class='ocrx_word' id='word_1_96' title='bbox 416 1809 495 1868; x_wconf 79' lang='lat' dir='ltr'><strong>tis</strong></span> <span class='ocrx_word' id='word_1_97' title='bbox 534 1810 593 1866; x_wconf 88' lang='lat' dir='ltr'><strong>in</strong></span> <span class='ocrx_word' id='word_1_98' title='bbox 634 1807 847 1868; x_wconf 88' lang='lat' dir='ltr'><strong>collem</strong></span> <span class='ocrx_word' id='word_1_99' title='bbox 882 1808 1177 1887; x_wconf 78' lang='lat' dir='ltr'><strong>quendam</strong></span> <span class='ocrx_word' id='word_1_100' title='bbox 1212 1809 1419 1889; x_wconf 88' lang='lat' dir='ltr'><strong>copiis,</strong></span> <span class='ocrx_word' id='word_1_101' title='bbox 1458 1829 1642 1868; x_wconf 79' lang='lat' dir='ltr'><strong>naves</strong></span> <span class='ocrx_word' id='word_1_102' title='bbox 1679 1829 1816 1868; x_wconf 87' lang='lat' dir='ltr'><strong>suas</strong></span> <span class='ocrx_word' id='word_1_103' title='bbox 1853 1809 2164 1868; x_wconf 85' lang='lat' dir='ltr'><strong>hostilibus</strong></span> <span class='ocrx_word' id='word_1_104' title='bbox 2203 1809 2310 1867; x_wconf 87' lang='lat' dir='ltr'><strong>ob-</strong></span> <span class='ocrx_word' id='word_1_105' title='bbox 2333 1795 2635 1848; x_wconf 73' lang='lat' dir='ltr'><strong>DioetPlut.</strong></span> 
     </span>
     <span class='ocr_line' id='line_1_16' title="bbox 414 1903 2311 1984; baseline -0.001 -20"><span class='ocrx_word' id='word_1_106' title='bbox 414 1905 571 1964; x_wconf 80' lang='lat' dir='ltr'><strong>viam</strong></span> <span class='ocrx_word' id='word_1_107' title='bbox 636 1903 949 1984; x_wconf 83' lang='lat' dir='ltr'><strong>procedere</strong></span> <span class='ocrx_word' id='word_1_108' title='bbox 1001 1903 1265 1974; x_wconf 79' lang='lat' dir='ltr'><strong>vidisset,</strong></span> <span class='ocrx_word' id='word_1_109' title='bbox 1315 1903 1581 1984; x_wconf 77' lang='lat' dir='ltr'><strong>praelium</strong></span> <span class='ocrx_word' id='word_1_110' title='bbox 1630 1903 1890 1964; x_wconf 85' lang='lat' dir='ltr'><strong>futurum</strong></span> <span class='ocrx_word' id='word_1_111' title='bbox 1949 1903 2311 1972; x_wconf 82' lang='lat' dir='ltr'><strong>existimans,</strong></span> 
     </span>
     <span class='ocr_line' id='line_1_17' title="bbox 415 1998 2313 2080; baseline -0.001 -20"><span class='ocrx_word' id='word_1_112' title='bbox 415 1998 721 2079; x_wconf 80' lang='lat' dir='ltr'><strong>spectandi</strong></span> <span class='ocrx_word' id='word_1_113' title='bbox 767 2019 945 2059; x_wconf 83' lang='lat' dir='ltr'><strong>causa</strong></span> <span class='ocrx_word' id='word_1_114' title='bbox 990 2001 1267 2060; x_wconf 85' lang='lat' dir='ltr'><strong>substitit.</strong></span> <span class='ocrx_word' id='word_1_115' title='bbox 1373 2000 1469 2059; x_wconf 86' lang='lat' dir='ltr'><strong>At</strong></span> <span class='ocrx_word' id='word_1_116' title='bbox 1512 2000 1658 2070; x_wconf 81' lang='lat' dir='ltr'><strong>illae,</strong></span> <span class='ocrx_word' id='word_1_117' title='bbox 1699 2010 2012 2080; x_wconf 86' lang='lat' dir='ltr'><strong>postquam</strong></span> <span class='ocrx_word' id='word_1_118' title='bbox 2060 1998 2313 2058; x_wconf 73' lang='lat' dir='ltr'><strong>Caesari-</strong></span> 
     </span>
     <span class='ocr_line' id='line_1_18' title="bbox 418 2093 2313 2174; baseline 0 -20"><span class='ocrx_word' id='word_1_119' title='bbox 418 2097 547 2154; x_wconf 87' lang='lat' dir='ltr'><strong>anis</strong></span> <span class='ocrx_word' id='word_1_120' title='bbox 598 2097 1161 2174; x_wconf 75' lang='lat' dir='ltr'><strong>appropinquarunt,</strong></span> <span class='ocrx_word' id='word_1_121' title='bbox 1206 2095 1529 2156; x_wconf 83' lang='lat' dir='ltr'><strong>salutantes</strong></span> <span class='ocrx_word' id='word_1_122' title='bbox 1578 2115 1651 2154; x_wconf 78' lang='lat' dir='ltr'><strong>ac</strong></span> <span class='ocrx_word' id='word_1_123' title='bbox 1697 2094 2032 2154; x_wconf 77' lang='lat' dir='ltr'><strong>resalutatoe</strong></span> <span class='ocrx_word' id='word_1_124' title='bbox 2083 2093 2202 2152; x_wconf 88' lang='lat' dir='ltr'><strong>illis</strong></span> <span class='ocrx_word' id='word_1_125' title='bbox 2250 2115 2313 2154; x_wconf 86' lang='lat' dir='ltr'><strong>se</strong></span> 
     </span>
     <span class='ocr_line' id='line_1_19' title="bbox 418 2189 2316 2270; baseline -0.002 -18"><span class='ocrx_word' id='word_1_126' title='bbox 418 2193 873 2268; x_wconf 83' lang='lat' dir='ltr'><strong>conjunxerunt,</strong></span> <span class='ocrx_word' id='word_1_127' title='bbox 926 2192 1335 2270; x_wconf 80' lang='lat' dir='ltr'><strong>conversisque</strong></span> <span class='ocrx_word' id='word_1_128' title='bbox 1398 2191 1586 2269; x_wconf 83' lang='lat' dir='ltr'><strong>proris</strong></span> <span class='ocrx_word' id='word_1_129' title='bbox 1651 2191 1914 2270; x_wconf 86' lang='lat' dir='ltr'><strong>protinus</strong></span> <span class='ocrx_word' id='word_1_130' title='bbox 1979 2209 2096 2264; x_wconf 87' lang='lat' dir='ltr'><strong>una</strong></span> <span class='ocrx_word' id='word_1_131' title='bbox 2152 2189 2316 2249; x_wconf 81' lang='lat' dir='ltr'><strong>facta</strong></span> 
     </span>
     <span class='ocr_line' id='line_1_20' title="bbox 416 2284 2475 2368; baseline -0 -23"><span class='ocrx_word' id='word_1_132' title='bbox 416 2286 625 2356; x_wconf 76' lang='lat' dir='ltr'><strong>classis</strong></span> <span class='ocrx_word' id='word_1_133' title='bbox 672 2288 956 2366; x_wconf 86' lang='lat' dir='ltr'><strong>oppidum</strong></span> <span class='ocrx_word' id='word_1_134' title='bbox 1008 2287 1221 2348; x_wconf 83' lang='lat' dir='ltr'><strong>infesta</strong></span> <span class='ocrx_word' id='word_1_135' title='bbox 1268 2295 1469 2368; x_wconf 76' lang='lat' dir='ltr'><strong>petere</strong></span> <span class='ocrx_word' id='word_1_136' title='bbox 1520 2287 1650 2346; x_wconf 80' lang='lat' dir='ltr'><strong>visa</strong></span> <span class='ocrx_word' id='word_1_137' title='bbox 1697 2295 1806 2346; x_wconf 80' lang='lat' dir='ltr'><strong>est.</strong></span> <span class='ocrx_word' id='word_1_138' title='bbox 1911 2286 2074 2344; x_wconf 89' lang='lat' dir='ltr'><strong>Dum</strong></span> <span class='ocrx_word' id='word_1_139' title='bbox 2119 2284 2176 2343; x_wconf 91' lang='lat' dir='ltr'><strong>in</strong></span> <span class='ocrx_word' id='word_1_140' title='bbox 2224 2285 2314 2344; x_wconf 84' lang='lat' dir='ltr'><strong>his</strong></span> <span class='ocrx_word' id='word_1_141' title='bbox 2338 2288 2475 2339; x_wconf 81' lang='lat' dir='ltr'><strong>Plut.</strong></span> 
     </span>
     <span class='ocr_line' id='line_1_21' title="bbox 422 2381 2316 2462; baseline 0 -22"><span class='ocrx_word' id='word_1_142' title='bbox 422 2382 623 2441; x_wconf 84' lang='lat' dir='ltr'><strong>oculos</strong></span> <span class='ocrx_word' id='word_1_143' title='bbox 664 2383 1037 2462; x_wconf 83' lang='lat' dir='ltr'><strong>animumque</strong></span> <span class='ocrx_word' id='word_1_144' title='bbox 1077 2381 1281 2444; x_wconf 83' lang='lat' dir='ltr'><strong>defixa</strong></span> <span class='ocrx_word' id='word_1_145' title='bbox 1325 2382 1525 2450; x_wconf 87' lang='lat' dir='ltr'><strong>habet,</strong></span> <span class='ocrx_word' id='word_1_146' title='bbox 1564 2401 1706 2440; x_wconf 90' lang='lat' dir='ltr'><strong>ecce</strong></span> <span class='ocrx_word' id='word_1_147' title='bbox 1749 2391 1944 2441; x_wconf 79' lang='lat' dir='ltr'><strong>autem</strong></span> <span class='ocrx_word' id='word_1_148' title='bbox 1989 2390 2053 2439; x_wconf 87' lang='lat' dir='ltr'><strong>et</strong></span> <span class='ocrx_word' id='word_1_149' title='bbox 2089 2381 2316 2460; x_wconf 85' lang='lat' dir='ltr'><strong>equites</strong></span> 
     </span>
     <span class='ocr_line' id='line_1_22' title="bbox 424 2474 2316 2556; baseline -0.001 -20"><span class='ocrx_word' id='word_1_150' title='bbox 424 2478 503 2536; x_wconf 86' lang='lat' dir='ltr'><strong>ab</strong></span> <span class='ocrx_word' id='word_1_151' title='bbox 541 2497 613 2536; x_wconf 90' lang='lat' dir='ltr'><strong>eo</strong></span> <span class='ocrx_word' id='word_1_152' title='bbox 652 2477 1103 2556; x_wconf 83' lang='lat' dir='ltr'><strong>transfugerant.</strong></span> <span class='ocrx_word' id='word_1_153' title='bbox 1188 2477 1525 2556; x_wconf 84' lang='lat' dir='ltr'><strong>Properans</strong></span> <span class='ocrx_word' id='word_1_154' title='bbox 1559 2477 1735 2554; x_wconf 83' lang='lat' dir='ltr'><strong>igitur</strong></span> <span class='ocrx_word' id='word_1_155' title='bbox 1769 2474 2102 2554; x_wconf 76' lang='lat' dir='ltr'><strong>confligere,</strong></span> <span class='ocrx_word' id='word_1_156' title='bbox 2127 2475 2316 2535; x_wconf 91' lang='lat' dir='ltr'><strong>donec</strong></span> 
     </span>
     <span class='ocr_line' id='line_1_23' title="bbox 423 2571 2315 2654; baseline -0.001 -22"><span class='ocrx_word' id='word_1_157' title='bbox 423 2572 649 2654; x_wconf 86' lang='lat' dir='ltr'><strong>aliquid</strong></span> <span class='ocrx_word' id='word_1_158' title='bbox 686 2573 937 2636; x_wconf 75' lang='lat' dir='ltr'><strong>militurn</strong></span> <span class='ocrx_word' id='word_1_159' title='bbox 972 2583 1317 2653; x_wconf 81' lang='lat' dir='ltr'><strong>superesset,</strong></span> <span class='ocrx_word' id='word_1_160' title='bbox 1345 2574 1441 2632; x_wconf 88' lang='lat' dir='ltr'><strong>hic</strong></span> <span class='ocrx_word' id='word_1_161' title='bbox 1477 2573 1658 2632; x_wconf 89' lang='lat' dir='ltr'><strong>etiam</strong></span> <span class='ocrx_word' id='word_1_162' title='bbox 1693 2571 2038 2632; x_wconf 80' lang='lat' dir='ltr'><strong>adversante</strong></span> <span class='ocrx_word' id='word_1_163' title='bbox 2061 2571 2315 2642; x_wconf 82' lang='lat' dir='ltr'><strong>fortuna,</strong></span> 
     </span>
     <span class='ocr_line' id='line_1_24' title="bbox 420 2667 2316 2750; baseline -0.001 -22"><span class='ocrx_word' id='word_1_164' title='bbox 420 2690 483 2728; x_wconf 81' lang='lat' dir='ltr'><strong>se</strong></span> <span class='ocrx_word' id='word_1_165' title='bbox 519 2671 741 2749; x_wconf 85' lang='lat' dir='ltr'><strong>recepit</strong></span> <span class='ocrx_word' id='word_1_166' title='bbox 774 2670 833 2728; x_wconf 90' lang='lat' dir='ltr'><strong>in</strong></span> <span class='ocrx_word' id='word_1_167' title='bbox 873 2672 1099 2738; x_wconf 89' lang='lat' dir='ltr'><strong>urbem,</strong></span> <span class='ocrx_word' id='word_1_168' title='bbox 1130 2680 1146 2706; x_wconf 92' lang='lat'>‘</span> <span class='ocrx_word' id='word_1_169' title='bbox 1180 2669 1471 2750; x_wconf 88' lang='lat' dir='ltr'><strong>proditum</strong></span> <span class='ocrx_word' id='word_1_170' title='bbox 1506 2689 1571 2728; x_wconf 91' lang='lat' dir='ltr'><strong>se</strong></span> <span class='ocrx_word' id='word_1_171' title='bbox 1607 2688 1646 2727; x_wconf 86' lang='lat' dir='ltr'><strong>a</strong></span> <span class='ocrx_word' id='word_1_172' title='bbox 1681 2667 2006 2748; x_wconf 84' lang='lat' dir='ltr'><strong>Cleopatra</strong></span> <span class='ocrx_word' id='word_1_173' title='bbox 2041 2669 2112 2726; x_wconf 90' lang='lat' dir='ltr'><strong>iis</strong></span> <span class='ocrx_word' id='word_1_174' title='bbox 2149 2669 2316 2748; x_wconf 85' lang='lat' dir='ltr'><strong>ipsis&#39;</strong></span> 
     </span>
     <span class='ocr_line' id='line_1_25' title="bbox 420 2764 2318 2846; baseline -0.002 -20"><span class='ocrx_word' id='word_1_175' title='bbox 420 2765 754 2836; x_wconf 72' lang='lat' dir='ltr'><strong>clamitans,</strong></span> <span class='ocrx_word' id='word_1_176' title='bbox 792 2777 809 2801; x_wconf 88' lang='lat'>‘</span> <span class='ocrx_word' id='word_1_177' title='bbox 838 2776 1044 2826; x_wconf 86' lang='lat' dir='ltr'><strong>contra</strong></span> <span class='ocrx_word' id='word_1_178' title='bbox 1082 2787 1233 2846; x_wconf 89' lang='lat' dir='ltr'><strong>quos</strong></span> <span class='ocrx_word' id='word_1_179' title='bbox 1266 2765 1487 2826; x_wconf 86' lang='lat' dir='ltr'><strong>bellum</strong></span> <span class='ocrx_word' id='word_1_180' title='bbox 1528 2765 1688 2824; x_wconf 90' lang='lat' dir='ltr'><strong>illius</strong></span> <span class='ocrx_word' id='word_1_181' title='bbox 1717 2785 1900 2824; x_wconf 86' lang='lat' dir='ltr'><strong>causa</strong></span> <span class='ocrx_word' id='word_1_182' title='bbox 1931 2764 2318 2844; x_wconf 86' lang='lat' dir='ltr'><strong>suscepisset.&#39;</strong></span> 
     </span>
     <span class='ocr_line' id='line_1_26' title="bbox 429 2858 2462 2940; baseline -0.001 -20"><span class='ocrx_word' id='word_1_183' title='bbox 429 2858 587 2920; x_wconf 84' lang='lat' dir='ltr'><strong>Sane</strong></span> <span class='ocrx_word' id='word_1_184' title='bbox 638 2861 939 2920; x_wconf 89' lang='lat' dir='ltr'><strong>mulierem</strong></span> <span class='ocrx_word' id='word_1_185' title='bbox 990 2863 1174 2920; x_wconf 85' lang='lat' dir='ltr'><strong>amari</strong></span> <span class='ocrx_word' id='word_1_186' title='bbox 1226 2881 1263 2920; x_wconf 88' lang='lat' dir='ltr'><strong>a</strong></span> <span class='ocrx_word' id='word_1_187' title='bbox 1316 2861 1553 2920; x_wconf 78' lang='lat' dir='ltr'><strong>Caesare</strong></span> <span class='ocrx_word' id='word_1_188' title='bbox 1597 2869 1812 2930; x_wconf 88' lang='lat' dir='ltr'><strong>ratam,</strong></span> <span class='ocrx_word' id='word_1_189' title='bbox 1855 2861 2178 2940; x_wconf 88' lang='lat' dir='ltr'><strong>iterumque</strong></span> <span class='ocrx_word' id='word_1_190' title='bbox 2218 2879 2320 2940; x_wconf 87' lang='lat' dir='ltr'><strong>per</strong></span> <span class='ocrx_word' id='word_1_191' title='bbox 2345 2877 2462 2930; x_wconf 77' lang='lat' dir='ltr'><strong>Dio.</strong></span> 
     </span>
     <span class='ocr_line' id='line_1_27' title="bbox 426 2955 2318 3036; baseline -0.001 -21"><span class='ocrx_word' id='word_1_192' title='bbox 426 2957 791 3036; x_wconf 84' lang='lat' dir='ltr'><strong>imperatoris</strong></span> <span class='ocrx_word' id='word_1_193' title='bbox 832 2955 1097 3016; x_wconf 83' lang='lat' dir='ltr'><strong>Romani</strong></span> <span class='ocrx_word' id='word_1_194' title='bbox 1136 2958 1493 3016; x_wconf 85' lang='lat' dir='ltr'><strong>connubium</strong></span> <span class='ocrx_word' id='word_1_195' title='bbox 1530 2975 1756 3015; x_wconf 88' lang='lat' dir='ltr'><strong>summa</strong></span> <span class='ocrx_word' id='word_1_196' title='bbox 1791 2974 2044 3034; x_wconf 82' lang='lat' dir='ltr'><strong>quaeque</strong></span> <span class='ocrx_word' id='word_1_197' title='bbox 2077 2974 2318 3034; x_wconf 86' lang='lat' dir='ltr'><strong>speran-</strong></span> 
     </span>
     <span class='ocr_line' id='line_1_28' title="bbox 428 3049 2319 3130; baseline -0.002 -20"><span class='ocrx_word' id='word_1_198' title='bbox 428 3060 571 3121; x_wconf 89' lang='lat' dir='ltr'><strong>tem,</strong></span> <span class='ocrx_word' id='word_1_199' title='bbox 618 3060 681 3111; x_wconf 88' lang='lat' dir='ltr'><strong>et</strong></span> <span class='ocrx_word' id='word_1_200' title='bbox 725 3050 1039 3110; x_wconf 86' lang='lat' dir='ltr'><strong>Pelusium</strong></span> <span class='ocrx_word' id='word_1_201' title='bbox 1086 3049 1407 3130; x_wconf 83' lang='lat' dir='ltr'><strong>prodidisse</strong></span> <span class='ocrx_word' id='word_1_202' title='bbox 1453 3050 1740 3110; x_wconf 87' lang='lat' dir='ltr'><strong>creditum</strong></span> <span class='ocrx_word' id='word_1_203' title='bbox 1785 3059 1897 3119; x_wconf 87' lang='lat' dir='ltr'><strong>est,</strong></span> <span class='ocrx_word' id='word_1_204' title='bbox 1943 3059 2006 3108; x_wconf 89' lang='lat' dir='ltr'><strong>et</strong></span> <span class='ocrx_word' id='word_1_205' title='bbox 2050 3049 2319 3108; x_wconf 86' lang='lat' dir='ltr'><strong>Alexan-</strong></span> 
     </span>
     <span class='ocr_line' id='line_1_29' title="bbox 428 3145 2326 3226; baseline -0.002 -20"><span class='ocrx_word' id='word_1_206' title='bbox 428 3147 641 3212; x_wconf 76' lang='lat' dir='ltr'><strong>drinos,</strong></span> <span class='ocrx_word' id='word_1_207' title='bbox 658 3147 857 3226; x_wconf 86' lang='lat' dir='ltr'><strong>palam</strong></span> <span class='ocrx_word' id='word_1_208' title='bbox 895 3146 973 3206; x_wconf 86' lang='lat' dir='ltr'><strong>ad</strong></span> <span class='ocrx_word' id='word_1_209' title='bbox 1005 3145 1389 3206; x_wconf 84' lang='lat' dir='ltr'><strong>resistendum</strong></span> <span class='ocrx_word' id='word_1_210' title='bbox 1420 3145 1739 3214; x_wconf 76' lang='lat' dir='ltr'><strong>hortatum,</strong></span> <span class='ocrx_word' id='word_1_211' title='bbox 1763 3145 2012 3204; x_wconf 88' lang='lat' dir='ltr'><strong>occultis</strong></span> <span class='ocrx_word' id='word_1_212' title='bbox 2037 3146 2326 3204; x_wconf 85' lang='lat' dir='ltr'><strong>mandatis</strong></span> 
     </span>
     <span class='ocr_line' id='line_1_30' title="bbox 430 3239 2164 3317; baseline -0.001 -16"><span class='ocrx_word' id='word_1_213' title='bbox 430 3242 798 3311; x_wconf 84' lang='lat' dir='ltr'><strong>deterruisse,</strong></span> <span class='ocrx_word' id='word_1_214' title='bbox 822 3251 885 3300; x_wconf 91' lang='lat' dir='ltr'><strong>et</strong></span> <span class='ocrx_word' id='word_1_215' title='bbox 909 3240 1083 3301; x_wconf 79' lang='lat' dir='ltr'><strong>classi</strong></span> <span class='ocrx_word' id='word_1_216' title='bbox 1111 3251 1408 3300; x_wconf 74' lang='lat' dir='ltr'><strong>auctorem</strong></span> <span class='ocrx_word' id='word_1_217' title='bbox 1433 3241 1700 3300; x_wconf 77' lang='lat' dir='ltr'><strong>extitisse</strong></span> <span class='ocrx_word' id='word_1_218' title='bbox 1722 3239 2164 3317; x_wconf 80' lang='lat' dir='ltr'><strong>transfugiendi.</strong></span> 
     </span>
    </p>

    <p class='ocr_par' dir='ltr' id='par_1_4' title="bbox 428 3335 2566 4198">
     <span class='ocr_line' id='line_1_31' title="bbox 510 3335 2323 3417; baseline -0.002 -19"><span class='ocrx_word' id='word_1_219' title='bbox 510 3346 611 3402; x_wconf 79' lang='lat'><strong>47.</strong></span> <span class='ocrx_word' id='word_1_220' title='bbox 656 3338 932 3398; x_wconf 82' lang='lat' dir='ltr'><strong>Ceterum</strong></span> <span class='ocrx_word' id='word_1_221' title='bbox 960 3337 1181 3417; x_wconf 88' lang='lat' dir='ltr'><strong>priores</strong></span> <span class='ocrx_word' id='word_1_222' title='bbox 1204 3336 1565 3415; x_wconf 70' lang='lat' dir='ltr'><strong>suspiciones</strong></span> <span class='ocrx_word' id='word_1_223' title='bbox 1605 3335 1764 3416; x_wconf 83' lang='lat' dir='ltr'><strong>apud</strong></span> <span class='ocrx_word' id='word_1_224' title='bbox 1795 3335 2088 3394; x_wconf 86' lang='lat' dir='ltr'><strong>hominem</strong></span> <span class='ocrx_word' id='word_1_225' title='bbox 2115 3335 2323 3394; x_wconf 88' lang='lat' dir='ltr'><strong>credu-</strong></span> 
     </span>
     <span class='ocr_line' id='line_1_32' title="bbox 428 3430 2476 3509; baseline -0 -17"><span class='ocrx_word' id='word_1_226' title='bbox 428 3435 551 3496; x_wconf 86' lang='lat' dir='ltr'><strong>lum</strong></span> <span class='ocrx_word' id='word_1_227' title='bbox 577 3435 785 3494; x_wconf 83' lang='lat' dir='ltr'><strong>summi</strong></span> <span class='ocrx_word' id='word_1_228' title='bbox 810 3434 1025 3492; x_wconf 84' lang='lat' dir='ltr'><strong>amoris</strong></span> <span class='ocrx_word' id='word_1_229' title='bbox 1050 3432 1545 3492; x_wconf 84' lang='lat' dir='ltr'><strong>demonstratione</strong></span> <span class='ocrx_word' id='word_1_230' title='bbox 1571 3431 1748 3492; x_wconf 83' lang='lat' dir='ltr'><strong>facile</strong></span> <span class='ocrx_word' id='word_1_231' title='bbox 1773 3430 2047 3494; x_wconf 85' lang='lat' dir='ltr'><strong>diluerat.</strong></span> <span class='ocrx_word' id='word_1_232' title='bbox 2129 3430 2322 3491; x_wconf 86' lang='lat' dir='ltr'><strong>Nam·</strong></span> <span class='ocrx_word' id='word_1_233' title='bbox 2347 3458 2476 3509; x_wconf 79' lang='lat' dir='ltr'><strong>Plut.</strong></span> 
     </span>
     <span class='ocr_line' id='line_1_33' title="bbox 430 3527 2324 3608; baseline -0.001 -20"><span class='ocrx_word' id='word_1_234' title='bbox 430 3549 547 3608; x_wconf 90' lang='lat' dir='ltr'><strong>que</strong></span> <span class='ocrx_word' id='word_1_235' title='bbox 571 3547 679 3588; x_wconf 87' lang='lat' dir='ltr'><strong>sno</strong></span> <span class='ocrx_word' id='word_1_236' title='bbox 706 3527 889 3588; x_wconf 84' lang='lat' dir='ltr'><strong>natali</strong></span> <span class='ocrx_word' id='word_1_237' title='bbox 916 3548 1020 3608; x_wconf 87' lang='lat' dir='ltr'><strong>pro</strong></span> <span class='ocrx_word' id='word_1_238' title='bbox 1044 3528 1315 3607; x_wconf 82' lang='lat' dir='ltr'><strong>praesenti</strong></span> <span class='ocrx_word' id='word_1_239' title='bbox 1342 3529 1529 3606; x_wconf 75' lang='lat' dir='ltr'><strong>magis</strong></span> <span class='ocrx_word' id='word_1_240' title='bbox 1552 3535 1832 3608; x_wconf 85' lang='lat' dir='ltr'><strong>tempore,</strong></span> <span class='ocrx_word' id='word_1_241' title='bbox 1859 3547 2036 3607; x_wconf 84' lang='lat' dir='ltr'><strong>quam</strong></span> <span class='ocrx_word' id='word_1_242' title='bbox 2063 3547 2140 3587; x_wconf 86' lang='lat' dir='ltr'><strong>ex</strong></span> <span class='ocrx_word' id='word_1_243' title='bbox 2178 3529 2324 3607; x_wconf 89' lang='lat' dir='ltr'><strong>pris-</strong></span> 
     </span>
     <span class='ocr_line' id='line_1_34' title="bbox 434 3623 2323 3701; baseline -0.001 -17"><span class='ocrx_word' id='word_1_244' title='bbox 434 3625 561 3684; x_wconf 88' lang='lat' dir='ltr'><strong>tina</strong></span> <span class='ocrx_word' id='word_1_245' title='bbox 590 3623 1035 3692; x_wconf 88' lang='lat' dir='ltr'><strong>consuetudine,</strong></span> <span class='ocrx_word' id='word_1_246' title='bbox 1076 3633 1235 3693; x_wconf 84' lang='lat' dir='ltr'><strong>acto,</strong></span> <span class='ocrx_word' id='word_1_247' title='bbox 1279 3623 1537 3684; x_wconf 85' lang='lat' dir='ltr'><strong>natalem</strong></span> <span class='ocrx_word' id='word_1_248' title='bbox 1574 3623 1828 3683; x_wconf 85' lang='lat' dir='ltr'><strong>Antonii</strong></span> <span class='ocrx_word' id='word_1_249' title='bbox 1871 3623 2323 3701; x_wconf 78' lang='lat' dir='ltr'><strong>magnificentis-</strong></span> 
     </span>
     <span class='ocr_line' id='line_1_35' title="bbox 432 3717 2327 3798; baseline -0.002 -18"><span class='ocrx_word' id='word_1_250' title='bbox 432 3721 579 3780; x_wconf 85' lang='lat' dir='ltr'><strong>sime</strong></span> <span class='ocrx_word' id='word_1_251' title='bbox 614 3718 957 3786; x_wconf 77' lang='lat' dir='ltr'><strong>celebravit,</strong></span> <span class='ocrx_word' id='word_1_252' title='bbox 984 3729 1051 3778; x_wconf 90' lang='lat' dir='ltr'><strong>ut</strong></span> <span class='ocrx_word' id='word_1_253' title='bbox 1084 3718 1253 3778; x_wconf 89' lang='lat' dir='ltr'><strong>multi</strong></span> <span class='ocrx_word' id='word_1_254' title='bbox 1289 3720 1393 3798; x_wconf 90' lang='lat' dir='ltr'><strong>qui</strong></span> <span class='ocrx_word' id='word_1_255' title='bbox 1428 3717 1507 3777; x_wconf 87' lang='lat' dir='ltr'><strong>ad</strong></span> <span class='ocrx_word' id='word_1_256' title='bbox 1532 3737 1756 3778; x_wconf 85' lang='lat' dir='ltr'><strong>coenam</strong></span> <span class='ocrx_word' id='word_1_257' title='bbox 1783 3719 2014 3779; x_wconf 83' lang='lat' dir='ltr'><strong>invitati</strong></span> <span class='ocrx_word' id='word_1_258' title='bbox 2043 3737 2327 3798; x_wconf 83' lang='lat' dir='ltr'><strong>pauperes</strong></span> 
     </span>
     <span class='ocr_line' id='line_1_36' title="bbox 432 3812 2322 3883; baseline -0.002 -9"><span class='ocrx_word' id='word_1_259' title='bbox 432 3823 823 3883; x_wconf 61' lang='lat' dir='ltr'><strong>accesserant,</strong></span> <span class='ocrx_word' id='word_1_260' title='bbox 850 3813 1175 3874; x_wconf 84' lang='lat' dir='ltr'><strong>discessisse</strong></span> <span class='ocrx_word' id='word_1_261' title='bbox 1210 3812 1423 3873; x_wconf 81' lang='lat' dir='ltr'><strong>divites</strong></span> <span class='ocrx_word' id='word_1_262' title='bbox 1450 3813 1792 3872; x_wconf 81' lang='lat' dir='ltr'><strong>referantur.</strong></span> <span class='ocrx_word' id='word_1_263' title='bbox 1875 3812 2114 3872; x_wconf 89' lang='lat' dir='ltr'><strong>Seleuci</strong></span> <span class='ocrx_word' id='word_1_264' title='bbox 2143 3813 2322 3871; x_wconf 81' lang='lat' dir='ltr'><strong>etiarn</strong></span> 
     </span>
     <span class='ocr_line' id='line_1_37' title="bbox 436 3907 2322 3988; baseline -0.002 -18"><span class='ocrx_word' id='word_1_265' title='bbox 436 3930 623 3971; x_wconf 86' lang='lat' dir='ltr'><strong>uxore</strong></span> <span class='ocrx_word' id='word_1_266' title='bbox 656 3921 721 3970; x_wconf 88' lang='lat' dir='ltr'><strong>et</strong></span> <span class='ocrx_word' id='word_1_267' title='bbox 752 3910 951 3970; x_wconf 86' lang='lat' dir='ltr'><strong>liberis</strong></span> <span class='ocrx_word' id='word_1_268' title='bbox 986 3909 1065 3969; x_wconf 77' lang='lat' dir='ltr'><strong>ad</strong></span> <span class='ocrx_word' id='word_1_269' title='bbox 1094 3909 1447 3988; x_wconf 88' lang='lat' dir='ltr'><strong>supplicium</strong></span> <span class='ocrx_word' id='word_1_270' title='bbox 1483 3908 1752 3968; x_wconf 84' lang='lat' dir='ltr'><strong>Antonio</strong></span> <span class='ocrx_word' id='word_1_271' title='bbox 1781 3907 2018 3978; x_wconf 87' lang='lat' dir='ltr'><strong>deditis,</strong></span> <span class='ocrx_word' id='word_1_272' title='bbox 2045 3907 2322 3967; x_wconf 88' lang='lat' dir='ltr'><strong>Pelusia-</strong></span> 
     </span>
     <span class='ocr_line' id='line_1_38' title="bbox 436 4004 2322 4084; baseline -0.003 -17"><span class='ocrx_word' id='word_1_273' title='bbox 436 4027 573 4072; x_wconf 83' lang='lat' dir='ltr'><strong>cum</strong></span> <span class='ocrx_word' id='word_1_274' title='bbox 606 4009 825 4067; x_wconf 86' lang='lat' dir='ltr'><strong>crimen</strong></span> <span class='ocrx_word' id='word_1_275' title='bbox 861 4007 1217 4066; x_wconf 77' lang='lat' dir='ltr'><strong>extinxerat.</strong></span> <span class='ocrx_word' id='word_1_276' title='bbox 1298 4004 1449 4064; x_wconf 85' lang='lat' dir='ltr'><strong>Tum</strong></span> <span class='ocrx_word' id='word_1_277' title='bbox 1485 4025 1630 4064; x_wconf 81' lang='lat' dir='ltr'><strong>vero</strong></span> <span class='ocrx_word' id='word_1_278' title='bbox 1653 4004 2080 4084; x_wconf 85' lang='lat' dir='ltr'><strong>desperantem,</strong></span> <span class='ocrx_word' id='word_1_279' title='bbox 2105 4013 2170 4063; x_wconf 92' lang='lat' dir='ltr'><strong>et</strong></span> <span class='ocrx_word' id='word_1_280' title='bbox 2191 4023 2322 4083; x_wconf 88' lang='lat' dir='ltr'><strong>pro·</strong></span> 
     </span>
     <span class='ocr_line' id='line_1_39' title="bbox 438 4099 2566 4198; baseline -0.002 -37"><span class='ocrx_word' id='word_1_281' title='bbox 438 4105 661 4182; x_wconf 86' lang='lat' dir='ltr'><strong>pinqua</strong></span> <span class='ocrx_word' id='word_1_282' title='bbox 706 4103 907 4160; x_wconf 85' lang='lat' dir='ltr'><strong>mortis</strong></span> <span class='ocrx_word' id='word_1_283' title='bbox 948 4102 1355 4181; x_wconf 83' lang='lat' dir='ltr'><strong>expectatione</strong></span> <span class='ocrx_word' id='word_1_284' title='bbox 1401 4099 1550 4158; x_wconf 90' lang='lat' dir='ltr'><strong>nulli</strong></span> <span class='ocrx_word' id='word_1_285' title='bbox 1593 4118 1892 4178; x_wconf 77' lang='lat' dir='ltr'><strong>parsurum</strong></span> <span class='ocrx_word' id='word_1_286' title='bbox 1939 4108 2221 4169; x_wconf 83' lang='lat' dir='ltr'><strong>metuens,</strong></span> <span class='ocrx_word' id='word_1_287' title='bbox 2267 4101 2322 4158; x_wconf 86' lang='lat' dir='ltr'><strong>iu</strong></span> <span class='ocrx_word' id='word_1_288' title='bbox 2381 4141 2566 4198; x_wconf 75' lang='lat' dir='ltr'><strong>Strabo,</strong></span> 
     </span>
    </p>
   </div>
   <div class='ocr_carea' id='block_1_3' title="bbox 441 4195 2580 4320">
    <p class='ocr_par' dir='ltr' id='par_1_5' title="bbox 441 4195 2580 4320">
     <span class='ocr_line' id='line_1_40' title="bbox 441 4195 2580 4320; baseline -0.002 -62"><span class='ocrx_word' id='word_1_289' title='bbox 441 4208 819 4264; x_wconf 82' lang='lat' dir='ltr'><strong>monumento</strong></span> <span class='ocrx_word' id='word_1_290' title='bbox 850 4217 955 4256; x_wconf 89' lang='lat' dir='ltr'><strong>suo</strong></span> <span class='ocrx_word' id='word_1_291' title='bbox 994 4218 1057 4282; x_wconf 71' lang='lat' dir='ltr'><strong>se</strong></span> <span class='ocrx_word' id='word_1_292' title='bbox 1102 4196 1409 4266; x_wconf 80' lang='lat' dir='ltr'><strong>conclusit,</strong></span> <span class='ocrx_word' id='word_1_293' title='bbox 1446 4215 1571 4276; x_wconf 79' lang='lat' dir='ltr'><strong>uno</strong></span> <span class='ocrx_word' id='word_1_294' title='bbox 1607 4205 1832 4254; x_wconf 86' lang='lat' dir='ltr'><strong>tantum</strong></span> <span class='ocrx_word' id='word_1_295' title='bbox 1871 4195 2138 4256; x_wconf 76' lang='lat' dir='ltr'><strong>eunucho</strong></span> <span class='ocrx_word' id='word_1_296' title='bbox 2179 4196 2323 4256; x_wconf 86' lang='lat' dir='ltr'><strong>dua·</strong></span> <span class='ocrx_word' id='word_1_297' title='bbox 2348 4221 2488 4320; x_wconf 56' lang='grc' dir='ltr'><strong>ῗέὲι.</strong></span> <span class='ocrx_word' id='word_1_298' title='bbox 2535 4223 2580 4269; x_wconf 85' lang='lat' dir='ltr'><strong>p.</strong></span> 
     </span>
    </p>
   </div>
  </div>
 </body>
</html>
