3159 4959
579 1624 696 1673 Dio.

573 1904 789 1968 Appian.

609 2002 742 2052 Pflut.

577 2064 763 2117 Anton-

574 2372 789 2440 Appian.

599 3158 715 3209 Tac.
759 3174 797 3210 ι.

564 3223 696 3271 Ann-
715 3228 795 3274 1⁰.

588 3287 803 3351 Appian-
813 3300 865 3338 et

567 3351 685 3400 Dio.

559 3742 670 3793 Liv.
691 3743 825 3808 Epit.

561 3807 680 3856 Dio.

1535 410 1609 462 Τ.
1658 410 1845 459 lell

907 564 972 615 et
1014 554 1249 623 Manio,
1311 554 1414 633 qui
1457 572 1552 613 res
1606 554 1865 614 absentis
1916 550 2111 612 Marci
2152 548 2527 632 procurabat,
2582 550 2801 613 adm-in‘

905 659 1266 719 stamen-ant:
1329 660 1348 685 ‘
1371 651 1432 710 in
1473 650 1773 710 communi
1814 668 2053 707 munere
2098 669 2297 728 parem
2350 649 2647 729 utriusque
2686 652 2801 710 im·-

905 747 1187 827 peratoris
1209 748 1456 825 gratiam
1479 766 1605 807 eme
1628 747 1841 806 debere
1858 748 1875 773 ’
1898 745 2255 806 dictitantes.
2298 755 2316 781 ‘
2338 744 2799 825 Expectandum

905 843 1100 921 igitur,
1145 841 1334 902 donec
1375 850 1439 902 et
1483 842 1782 901 Antonius
1832 840 2199 901 advenisset?
2282 840 2405 901 Sed
2452 840 2515 900 id
2554 840 2801 921 quidem

905 937 1032 998 fieri
1071 948 1306 1019 propter
1339 938 1773 999 festinationem
1810 937 2067 996 militum
2112 936 2279 997 nullo
2326 946 2501 1017 pacto
2544 945 2799 1017 poterat.

902 1032 1058 1095 Tum
1081 1056 1154 1095 eo
1177 1034 1623 1104 descenderunt,
1666 1043 1685 1070 ‘
1704 1042 1771 1093 ut
1808 1032 1985 1111 igitur
2015 1033 2217 1092 Caesas
2250 1052 2387 1092 suos
2408 1032 2642 1103 milites,
2684 1034 2799 1113 ipsi

904 1130 1278 1192 Antonianos
1317 1129 1713 1191 deducerent.
1698 1130 1743 1163 ·'
1782 1137 1849 1188 et
1878 1138 2057 1209 pacta
2098 1148 2233 1189 cum
2278 1128 2546 1189 Antonio
2588 1129 2799 1189 obten-

899 1226 1078 1289 dente
1107 1228 1370 1314 Caesare,
1415 1226 1692 1287 Fulviam
1727 1244 1862 1285 cum
1890 1226 2085 1305 parvis
2111 1224 2312 1284 liberis
2336 1224 2665 1305 supplicare
2691 1246 2797 1285 ve-

903 1326 1124 1385 teranis
1155 1327 1479 1403 jusserunt,
1521 1322 1807 1383 invidiose
1851 1319 2175 1401 querendo,
2219 1320 2525 1381 ‘fraudari
2568 1330 2799 1403 patrem

901 1420 1132 1491 horum,
1157 1420 1564 1500 imperatorem
1589 1434 1782 1488 suum,
1808 1415 2013 1476 debita
2046 1416 2259 1495 gloria,
2294 1416 2465 1476 simul
2488 1418 2798 1493 occasione

898 1514 1222 1575 referendae
1246 1517 1368 1575 suis
1391 1514 1695 1583 militibus
1710 1514 1958 1592 gratiae!
2041 1512 2257 1573 Lucius
2294 1515 2497 1583 etiam,
2521 1522 2591 1573 ut
2614 1512 2797 1575 fidem

904 1609 1128 1673 faceret
1185 1612 1384 1670 omnia
1432 1631 1496 1670 se
1545 1609 1742 1669 fratris
1779 1628 1960 1669 causa
2002 1608 2217 1680 moliri,
2264 1608 2523 1669 Pietatis
2574 1628 2797 1689 cog-no·

903 1716 1164 1767 mentum
1216 1708 1506 1779 assumsit,
1569 1706 1732 1786 quod
1770 1704 2059 1785 hodieque
2108 1706 2171 1765 in
2210 1707 2465 1767 nummis
2522 1708 2651 1785 ejas
2703 1710 2797 1767 vi-

901 1804 1065 1864 nitur.

980 1909 1080 1961 11.
1125 1900 1277 1961 Erat
1321 1910 1446 1961 tum
1481 1920 1801 1982 permagna
1842 1899 2039 1961 Marci
2076 1900 2416 1969 auctoritas,
2458 1906 2523 1959 et
2560 1908 2795 1980 propter

827 1998 834 2004 ’
900 1996 1298 2057 valetudinem
1324 1995 1599 2069 Caesaris,
1626 1997 1877 2057 victoria
1899 1995 2309 2074 Philippensis
2330 1995 2431 2052 uni
2456 1994 2792 2056 ascribeba-

897 2100 1012 2152 tur.
1097 2093 1238 2159 Quo
1263 2092 1581 2155 studiosius
1606 2093 1818 2153 docere
1860 2092 2148 2161 Caesarst
2166 2090 2477 2150 convenire
2516 2090 2631 2149 sibi
2652 2109 2795 2151 cum

900 2188 1148 2249 Marco:
1194 2188 1472 2249 Fulviam
1509 2198 1572 2249 et
1606 2188 1856 2250 Lucium
1890 2196 2097 2247 contra
2118 2186 2465 2245 sententiam
2506 2186 2701 2246 mariti
2728 2196 2797 2246 et

895 2282 1113 2355 fratris,
1161 2286 1411 2366 propriae
1448 2284 1727 2365 potentin
1764 2280 2097 2363 cupiditate
2134 2302 2227 2341 res
2268 2300 2451 2341 novas
2490 2284 2793 2360 quarere)

895 2378 1210 2439 Postremo
1233 2388 1453 2450 tamen,
1489 2400 1829 2460 quanquam
1864 2386 2071 2439 contra
2104 2386 2283 2458 pacta
2304 2376 2417 2436 sibi
2450 2377 2607 2437 hanc
2636 2378 2795 2455 inju-

893 2474 1042 2532 riam
1067 2474 1190 2531 fieri
1227 2475 1474 2542 sciebat,
1498 2475 1697 2544 cessit,
1738 2472 2228 2552 Antonianosque
2252 2473 2331 2532 ab
2364 2472 2458 2531 his
2489 2472 2705 2533 deduci
2730 2475 2795 2538 in

891 2566 1156 2629 colonias
1179 2568 1335 2627 sivit.
1415 2566 1510 2627 At
1553 2568 1641 2639 hi,
1682 2587 1755 2643 ne
1786 2568 2086 2629 beneficiis
2118 2571 2177 2629 in
2214 2588 2357 2629 suos
2382 2570 2617 2630 vincere
2650 2570 2789 2633 Cae-

891 2684 988 2725 sar
1044 2664 1360 2735 videretur,
1413 2664 1547 2743 plus
1610 2665 1789 2725 etiam
1842 2663 2205 2725 indulserunt
2256 2666 2564 2727 militibus.
2666 2664 2791 2726 Sed

891 2760 1150 2823 omnium
1189 2759 1444 2839 querela
1495 2761 1554 2820 iu
1596 2761 1893 2822 Caesarem
1926 2762 2347 2839 incumbebant
2370 2784 2390 2823 z
2454 2762 2789 2823 Antoniam

890 2855 1054 2916 fama
1075 2855 1410 2918 clementiae
1433 2859 1731 2929 tuebatur,
1774 2868 1855 2929 et,
1898 2858 2057 2939 quod
2082 2860 2234 2919 inter
2273 2862 2585 2942 praesentia
2622 2858 2791 2922 malo.

890 2973 1122 3034 semper
1172 2952 1544 3014 tolerabilius
1601 2955 1969 3015 existimatur
2017 2958 2301 3035 quicquid
2364 2958 2551 3017 abest.
2644 2955 2789 3016 Ne-

891 3069 1008 3129 que
1051 3070 1190 3111 vero
1220 3070 1426 3131 pai-um
1467 3050 1841 3140 intelligebat
1862 3052 2087 3125 Caesar,
2125 3052 2271 3132 quid
2294 3051 2464 3113 fieret
2497 3074 2517 3121 ;
2560 3062 2665 3113 ant
2688 3052 2787 3113 di-

887 3146 1142 3206 visiones
1165 3166 1455 3225 agrorum,
1471 3166 1813 3227 quanquam
1839 3147 2063 3207 faceret
2084 3149 2233 3227 ipse,
2261 3148 2568 3228 probabat.
2642 3147 2785 3209 Nec

887 3242 1124 3303 differre
1159 3243 1402 3324 praemia
1433 3241 1649 3303 milites
1673 3243 2068 3323 patiebantur,
2094 3242 2263 3303 nullo
2304 3246 2491 3322 magis
2520 3252 2784 3325 tempure

883 3341 1217 3412 necessarii,
1248 3348 1485 3420 propter
1523 3338 1777 3400 Sextum
1802 3349 1864 3399 et
1887 3338 2203 3400 Cassianos
2240 3339 2440 3411 duces,
2470 3343 2597 3422 qui,
2632 3342 2783 3403 mari

888 3435 1196 3515 praecluso,
1232 3434 1452 3495 famem
1493 3433 1653 3495 Urbi
1712 3443 1775 3494 et
1812 3435 2012 3496 Italioe
2042 3436 2433 3497 minabantur.
2530 3436 2655 3499 His
2700 3436 2781 3498 ad

885 3530 1143 3589 animum
1183 3532 1494 3601 revocatis,
1529 3539 1759 3591 mutare
1798 3534 2147 3592 sententiam
2186 3532 2403 3593 Fulvia
2432 3542 2497 3593 et
2538 3534 2611 3595 L.
2642 3534 2781 3596 An-

883 3625 1078 3684 tonius
1099 3635 1434 3704 coeperunt:
1477 3634 1540 3685 et
1571 3627 1796 3686 omissis
1814 3627 2062 3687 coloniis
2086 3626 2347 3689 adversae
2384 3630 2539 3709 parti
2560 3650 2625 3689 se
2658 3639 2781 3691 tra·

881 3719 1043 3779 dere.
1142 3720 1308 3779 Nam
1345 3728 1408 3779 et
1453 3741 1655 3781 eorum
1699 3722 1804 3799 qui
1843 3722 2215 3802 pellebantur
2270 3726 2446 3804 agris,
2494 3728 2779 3805 majorem

882 3836 1006 3876 esse
1073 3834 1375 3875 numerum
1437 3816 1724 3887 sciebant,
1762 3826 1825 3877 et
1870 3838 1947 3877 ex
1981 3820 2147 3897 justo
2186 3818 2391 3881 dolore
2416 3820 2777 3899 judicabant

881 3913 1162 3973 acriorem
1183 3912 1464 3993 impetum
1487 3912 1634 3975 fore.
1708 3912 1855 3974 Hoc
1880 3914 2153 3996 praesidio
2178 3918 2423 3977 animati
2452 3916 2617 3990 Itali,
2635 3938 2777 3979 cum

879 4008 1086 4067 eadem
1111 4010 1322 4069 sentire
1369 4008 1461 4069 M.
1497 4010 1826 4070 Antonium
1870 4012 2291 4085 existimarent,
2328 4034 2599 4093 spernere
2637 4015 2777 4075 Οε-

877 4105 1022 4163 saris
1057 4108 1363 4189 imperium
1401 4116 1722 4192 coeperunt,
1745 4116 1807 4173 et
1838 4108 2121 4171 adversus
2139 4118 2451 4172 veteranos
2482 4132 2593 4173 sua
2616 4110 2777 4177 bona
2892 4174 2901 4183 ,

877 4200 938 4260 vi
961 4202 1132 4260 tueri.
1964 4228 1971 4233 ·
