3159 4959
583 416 764 483 556⁰

1543 432 1849 479 T..1..rvn

910 575 1178 636 ordinem
1221 572 1446 645 Caesar,
1497 582 1568 634 at
1614 574 1762 633 nihil
1808 572 2091 654 deinceps
2134 592 2309 653 agere,
2360 590 2469 653 pro
2514 582 2809 653 potestate

914 679 1130 751 posset.
1213 669 1408 749 Igitur
1449 669 1552 730 ille
1586 680 1603 707 ⁶
1629 680 1811 750 pacta
1844 690 1979 730 curn
2022 670 2239 729 Marco
2254 668 2277 699 ⁷
2314 678 2580 741 testans,
2627 681 2645 707 ⁴
2666 690 2811 751 quoe

913 769 1146 847 utrique
1185 786 1473 827 summurn
1515 768 1847 847 imperium,
1896 786 2087 847 neque
2126 766 2453 826 rationibus
2489 766 2813 827 reddendis

913 864 1258 933 obnoxium,
1285 864 1346 920 in
1371 871 1538 942 parte
1567 863 1681 922 sibi
1706 862 2005 940 assignata
2020 862 2271 933 dabant,
2286 858 2656 941 alterumque
2674 872 2811 935 rata

913 961 1130 1019 habere
1169 959 1414 1019 alterius
1449 967 1587 1019 acta
1632 958 1973 1037 jubebuntss
2012 959 2219 1018 iterum
2262 958 2341 1019 ad
2384 968 2694 1021 veteranos
2741 982 2808 1021 se

913 1056 1236 1138 applicuit:
1281 1054 1619 1135 bellumque
1658 1056 1968 1116 adversum
2010 1072 2075 1115 se
2116 1057 2321 1116 instrui
2360 1066 2629 1127 testatus,
2678 1058 2813 1138 ipse

915 1172 1154 1234 quoque
1179 1174 1242 1213 se
1267 1172 1474 1233 parare
1499 1154 1695 1233 coepit.

995 1257 1094 1311 22.
1159 1252 1254 1311 Ea
1297 1271 1392 1310 res
1438 1248 1647 1310 audita
1698 1249 1849 1309 dues
1910 1247 2171 1328 legiones
2215 1248 2614 1318 Antonianas,
2666 1266 2809 1327 quae

915 1346 1073 1427 apud
1103 1347 1418 1407 Anconam
1443 1348 1665 1407 stativa
1700 1347 2021 1416 habebant,
2048 1345 2127 1405 ad
2153 1344 2421 1405 Siculum
2448 1343 2669 1404 bellum
2694 1341 2809 1403 du·

909 1442 1138 1513 cendae,
1179 1444 1519 1513 commovit,
1557 1451 1625 1501 ut
1660 1460 1766 1523 pro
1800 1442 1931 1522 pari
1966 1444 2025 1501 in
2054 1452 2361 1521 utrumque
2400 1441 2809 1520 imperatorem

913 1539 1156 1610 affectu,
1183 1540 1410 1617 legatos
1435 1539 1735 1598 mitterent
1753 1536 2039 1609 Romam,
2066 1548 2335 1616 rogatum
2360 1546 2637 1615 unusque
2672 1554 2811 1615 par-

911 1644 1024 1706 tes,
1069 1646 1086 1672 ‘
1108 1654 1318 1716 pacem
1353 1645 1557 1695 mutuo
1592 1634 1897 1695 colerent.’
1978 1634 2353 1715 Responsum
2378 1642 2471 1693 est
2504 1652 2543 1693 a
2568 1633 2815 1693 Caesarc

915 1732 1218 1811 antiquum
1244 1730 1418 1801 illud,
1457 1739 1476 1765 ‘
1499 1731 1613 1789 sibi
1638 1750 1849 1811 pacem
1892 1750 2017 1790 esse
2042 1750 2179 1791 cum
2208 1730 2447 1801 Marco,
2490 1727 2595 1789 sed
2620 1748 2660 1788 a
2686 1728 2811 1787 Lu-

911 1828 1010 1888 cio
1043 1848 1108 1888 se
1133 1828 1502 1909 impugnari?
1586 1825 1777 1906 Igitur
1806 1828 1891 1898 hi,
1929 1846 1993 1887 re
2024 1846 2163 1889 cum
2196 1828 2407 1887 ceteris
2432 1825 2727 1889 veteranis
2748 1826 2814 1883 in

915 1924 1222 2005 Capitolio
1261 1924 1714 1994 communicata,
1762 1925 2006 2002 (magna
2048 1925 2205 1983 enirn
2244 1942 2447 1984 eornm
2492 1918 2817 1981 multitudo

917 2018 1201 2092 Romam,
1228 2021 1398 2101 quasi
1423 2038 1561 2079 cum
1575 2028 1787 2079 senatu
1814 2038 1887 2079 ae
1910 2020 2133 2101 populo
2157 2019 2235 2080 de
2260 2020 2653 2099 praesentibus
2668 2024 2813 2079 con-

914 2114 1110 2175 silium
1135 2117 1370 2187 initura,
1411 2118 1705 2194 venerat.)
1747 2125 1928 2195 pacta
1961 2116 2213 2176 Caesaris
2246 2125 2309 2175 et
2333 2115 2589 2175 Antonii
2616 2116 2813 2176 afferri

915 2212 1266 2293 recitarique
1277 2214 1598 2291 jusserunt.
1683 2211 2087 2291 Probatisque
2110 2211 2225 2282 his,
2254 2220 2387 2271 uter
2403 2230 2603 2271 eoram
2622 2214 2817 2291 pactis

917 2328 1035 2367 non
1061 2311 1288 2369 stetisse
1312 2308 1627 2377 diceretur,
1669 2328 1743 2367 ea
1766 2306 1841 2367 de
1868 2328 1931 2367 re
1954 2317 2325 2389 suscepturos
2348 2308 2650 2367 arbitrium
2677 2328 2823 2388 pro·-

914 2402 1074 2475 fessi,
1099 2404 1337 2464 decreta
1361 2424 1473 2462 sua
1495 2402 1822 2463 retulerunt
1840 2404 1899 2463 in
1925 2404 2183 2475 tabulas,
2204 2404 2605 2481 asservarique
2622 2405 2813 2481 jusse-

916 2510 1052 2557 runt
1077 2518 1114 2557 a
1142 2498 1512 2558 Vestalibus.

996 2600 1098 2653 23.
1141 2593 1298 2654 Inde
1323 2614 1399 2654 ex
1425 2594 1699 2653 omnibus
1720 2594 1981 2655 delectos
2005 2594 2083 2654 ad
2111 2594 2360 2655 Lucium
2382 2595 2659 2654 miserunt
2678 2616 2819 2676 pos-

919 2689 1195 2760 tulatum,
1224 2699 1241 2725 ‘
1271 2691 1361 2749 uti
1384 2690 1621 2769 judicio
1658 2690 1911 2751 militum
1944 2692 2371 2751 controversias
2402 2690 2819 2771 disceptandas

919 2784 1209 2853 traderem
1265 2794 1372 2844 aut
1415 2786 1466 2843 si
1515 2784 1723 2855 nollet,
1770 2786 1917 2864 quid
1968 2788 2082 2866 ipsi
2134 2798 2371 2867 possent
2412 2788 2819 2866 experiretur!

922 2878 1106 2941 Lucio
1151 2901 1266 2941 non
1311 2890 1641 2951 recusante,
1684 2881 1774 2940 illi
1825 2882 2169 2962 Fulviaeque
2212 2882 2496 2944 dixerunt
2534 2881 2693 2943 diem
2734 2884 2815 2944 ad

917 2996 1094 3055 quem
1129 2977 1419 3054 adessent,
1447 2978 1532 3036 uti
1563 2985 1626 3036 et
1654 2978 1951 3037 Caesarem
1977 2994 2313 3057 comparere
2330 2982 2656 3057 jusserant,
2684 2978 2817 3039 Ga·

915 3072 1028 3131 biis
1041 3072 1246 3133 medio
1269 3073 1454 3133 ferme
1480 3074 1635 3133 inter
1660 3072 1922 3132 Romam
1947 3081 2009 3133 et
2031 3073 2339 3133 Proeneste
2360 3074 2573 3153 spatio.
2636 3074 2819 3134 Prior

916 3178 1128 3248 praesto
1152 3169 1264 3229 fuit
1285 3168 1515 3240 Caesar,
1543 3167 1957 3248 equitibusque
1980 3170 2225 3239 emissis,
2252 3188 2328 3229 ne
2354 3188 2485 3247 quoe
2510 3168 2663 3229 forte
2690 3170 2819 3229 col-

915 3264 1126 3325 locatae
1153 3266 1376 3326 insidiae
1401 3266 1613 3335 forent,
1641 3264 1993 3344 exploravit.
2078 3263 2196 3335 Hi,
2222 3283 2359 3325 cum
2390 3264 2733 3325 incidissent
2758 3267 2819 3325 in

916 3359 1315 3431 Antonianos,
1341 3380 1518 3419 manu
1545 3370 1814 3423 conserta
1836 3360 2123 3439 quosdam
2148 3354 2509 3422 cecideruut.
2596 3360 2818 3421 Retro-

913 3458 1092 3515 cessit
1122 3476 1262 3535 ergo
1299 3456 1538 3526 Lucius,
1567 3455 1917 3536 periculum,
1944 3465 2013 3515 ut
2036 3455 2255 3527 aiebat,
2282 3466 2579 3518 metuens:
2624 3476 2818 3536 neque

797 3574 810 3591 ·
914 3560 1119 3631 postea
1157 3553 1352 3613 voluit
1389 3552 1697 3622 accedere,
1740 3572 1875 3611 cum
1912 3553 2131 3611 tribuni
2164 3554 2547 3633 praefectique
2584 3556 2817 3613 exerci-

915 3657 1081 3705 tuum
1121 3647 1476 3709 deducturos
1513 3670 1576 3709 se
1612 3648 1779 3709 illum
1804 3647 2233 3729 profiterentur.
2318 3646 2723 3709 Vehementer
2742 3668 2821 3709 ea

913 3746 1289 3805 contumacia
1333 3744 1558 3806 Caesari
1605 3744 1867 3827 profuit:
1921 3754 2004 3815 et,
2050 3766 2187 3806 cum
2236 3746 2477 3806 irridere
2518 3745 2818 3823 judicium

915 3838 1134 3903 Lucius
1175 3850 1238 3902 et
1278 3842 1495 3903 Fulvia
1538 3843 1895 3912 dicerentur,
1936 3852 2201 3902 senatum
2243 3843 2567 3921 caligatum
2608 3842 2817 3922 appel·-

913 3936 1124 4009 lantes,
1153 3939 1306 3999 adeo
1341 3942 1574 4000 accensi
1610 3949 1747 3999 sunt
1774 3940 1862 3998 ira
1886 3940 2174 4009 veterani,
2203 3948 2269 3998 ut
2294 3939 2551 3999 Caesaris
2574 3958 2817 4003 causam

913 4034 1200 4115 amplexi,
1227 4036 1304 4095 ab
1339 4036 1457 4095 illis
1495 4045 1687 4095 ortam
1726 4038 2027 4116 injuriam,
2060 4036 2261 4115 ibique
2296 4037 2615 4097 consistere
2658 4038 2822 4099 arbi-

910 4136 1218 4191 trarentur.
1303 4132 1595 4192 Pluribus
1619 4132 1835 4192 deinde
1866 4133 2394 4193 consultationibus
2416 4153 2553 4193 cum
2573 4132 2816 4193 Caesare

913 4222 1093 4293 initis..
1123 4224 1348 4286 bellum
1392 4228 1675 4289 instruere
1716 4239 2017 4308 coeperunt
2054 4230 2230 4299 serio,
2268 4230 2517 4308 pecunia
2556 4228 2815 4309 undique
