3159 4959
855 422 1052 471 mum
1105 420 1409 470 cxxvii.
1455 420 2103 471 SUPPLBUBNTUM·
2406 404 2583 475 m?

373 570 610 643 tempus
648 563 704 621 in
747 561 1008 641 hyberna
1049 560 1264 622 deduci
1307 562 1689 643 postularent.
1774 557 1898 623 Sed
1936 562 2256 635 Antonius,
2316 576 2443 626 Plut.
2484 584 2537 625 et

375 659 626 735 cognitis
663 656 931 717 ventidii
973 659 1172 729 rebus,
1226 658 1466 738 epulum
1512 658 1977 719 Atheniensibus
2018 657 2259 739 publice
2283 641 2497 707 Appi-n.

379 753 648 833 praebuit,
675 752 956 833 ludosque
983 755 1288 833 gymnicos
1313 754 1478 825 fecit,
1505 756 1721 834 quibus
1744 756 1869 835 ipse
1896 754 2257 835 gymnasiar-
2350 812 2373 828 ,

376 846 506 905 chae
531 866 734 909 munus
755 848 938 908 obiit:
977 868 1229 929 cumque
1247 848 1324 908 de
1349 850 1442 908 bis
1465 848 1729 909 Romam
1752 850 2094 930 scripsisset,
2121 868 2259 929 sup-
2284 866 2403 916 Dio.

377 942 726 1022 plicationes
747 944 877 1021 ejus
911 946 1145 1003 nomine
1169 944 1424 1003 decretae
1447 952 1605 1014 sunt,
1636 946 1809 1022 cujus
1842 944 2115 1023 auspiciis
2148 944 2261 1003 ista

379 1036 700 1099 Ventidius
749 1040 1040 1117 gessisset.
1149 1038 1272 1098 Sed
1324 1048 1386 1099 et
1431 1037 1585 1099 alius
1634 1038 1961 1117 legatorum
2012 1038 2265 1097 Antonii

378 1131 604 1204 Pollio,
649 1135 754 1213 qni
797 1135 1006 1194 missus
1059 1134 1118 1192 in
1167 1132 1496 1195 Parthinos
1541 1133 1758 1203 fuerat,
1812 1134 2056 1213 Illyrios
2106 1135 2265 1194 circa
2288 1142 2413 1195 Flor.
2428 1143 2587 1191 mu.

378 1227 750 1308 Epidaurum
775 1230 1004 1309 aliquot
1039 1230 1263 1310 prmliis
1286 1229 1462 1289 fudit.

457 1330 560 1385 51.
605 1323 734 1383 Sub
749 1324 906 1383 idem
925 1333 1156 1404 tempus
1175 1324 1525 1384 Cei-tetanos
1543 1322 1985 1393 tumultuantes,
2010 1325 2267 1402 (obtine·
2322 1326 2511 1387 strabo,

377 1418 529 1475 bant
551 1426 748 1478 autem
775 1418 1076 1479 convalles
1106 1421 1424 1501 Pyreuaeae
1449 1419 1687 1500 sylvam
1716 1418 1831 1479 Cn.
1864 1418 2163 1480 Domitius
2186 1440 2263 1480 ex
2290 1390 2589 1507 ῧζῃῗξιῖξὲ

376 1511 684 1572 consulatu
711 1515 916 1573 missus
941 1516 1002 1573 in
1032 1512 1392 1595 Hispaniam
1411 1515 1691 1574 coercuit.
1756 1514 1815 1573 Ii
1836 1513 2091 1592 legatum
2112 1518 2264 1594 ejus,
2288 1517 2407 1567 Dio.

377 1616 691 1687 exceptum
739 1610 988 1681 insidiis,
1042 1620 1104 1670 et
1153 1628 1192 1669 a
1239 1609 1524 1670 militibus
1571 1609 1940 1681 derelictum,
1982 1612 2263 1671 vicerant.

380 1701 532 1761 Ideo
568 1702 888 1776 Domitius,
923 1708 1260 1787 priusquam
1297 1708 1356 1764 in
1392 1706 1622 1765 hostem
1662 1706 1927 1777 duceret,
1965 1714 2163 1766 sontes
2184 1706 2265 1767 ad

378 1798 718 1858 concionem
758 1801 1193 1861 dissimulanter
1233 1810 1475 1862 vocatos
1509 1800 1756 1881 reliquis
1798 1801 1986 1881 copiis
2018 1802 2266 1861 circum-

381 1891 552 1963 fudit,
587 1896 942 1975 cognitaque
989 1916 1190 1967 causa,
1233 1896 1597 1977 manipulum
1636 1915 1837 1966 unum,
1881 1914 2063 1975 penes
2092 1914 2270 1975 quem

381 1990 640 2049 maxima
661 1989 870 2069 flagitii
893 2012 1030 2072 pars
1055 1994 1342 2063 herebat,
1375 1992 1715 2053 decimavit.
1799 1991 1875 2050 In
1902 1994 2272 2052 centuriones

379 2085 558 2144 etiam
590 2086 1093 2165 aliquammultos,
1128 2097 1191 2146 et
1231 2086 1508 2168 primipili
1529 2086 1871 2147 Vibullium
1902 2088 2269 2147 animadver-
2292 2096 2425 2147 Vell-

381 2180 470 2239 tit.
557 2182 718 2241 Haec
753 2184 1038 2243 severitas
1071 2183 1150 2243 ud
1191 2184 1498 2245 victoriam
1540 2182 1783 2263 profuit,
1812 2192 1897 2253 et,
1929 2202 2065 2242 eum
2106 2182 2273 2245 miles
2294 2192 2415 2243 Dio.

382 2276 790 2355 imperatorem
811 2280 998 2357 magis
1016 2298 1198 2359 quam
1211 2279 1436 2339 hostem
1457 2287 1763 2349 metueret,
1782 2277 2089 2338 Cerretani
2110 2276 2273 2338 haud

377 2370 698 2432 difficulter
740 2368 1048 2434 debellati.
1134 2374 1238 2433 ob
1271 2394 1373 2434 eas
1411 2394 1502 2434 res
1537 2382 1733 2452 gestas
1772 2382 1834 2433 et
1863 2373 2003 2434 huic
2028 2382 2090 2433 et
2120 2372 2273 2433 Pol·
2329 2386 2530 2438 notar.

379 2465 528 2525 lioni
551 2468 826 2529 decretus
851 2471 1178 2549 triumphus
1201 2480 1307 2529 est.
1376 2468 1496 2529 Sed
1520 2470 1816 2529 Domitius
1841 2478 2048 2549 postea
2070 2470 2269 2529 trium-
2296 2450 2459 2563 ssff‘ff·
2482 2456 2597 2501 ιθ*

379 2562 618 2641 phuvit3
665 2557 874 2623 Pollio
909 2565 1104 2623 statim
1129 2563 1214 2623 A.
1252 2564 1335 2623 D.
1375 2579 1532 2624 vul.
1563 2562 1871 2623 Kalendas
1900 2560 2275 2625 Novembres
2294 2516 2589 2645 ²1³2·qu

379 2676 458 2715 ex
498 2658 826 2719 Parthinis.
909 2658 1052 2719 Nec
1080 2658 1267 2719 semel
1299 2659 1689 2738 triumphasse
1722 2667 2053 2731 contentus,
2081 2658 2271 2719 filium

379 2752 492 2811 sibi
518 2762 722 2815 nutum
751 2754 860 2815 sub
896 2755 1106 2815 eadem
1131 2765 1399 2835 tempora
1421 2752 1767 2814 Saloninum
1794 2754 2054 2827 vocavit,
2082 2774 2119 2815 a
2141 2774 2270 2827 ma·
2326 2754 2597 2835 Serv-ipw-

381 2850 574 2911 ritimo
601 2852 930 2913 Dalmatiae
953 2852 1197 2933 oppido,
1229 2850 1389 2931 quod
1415 2850 1625 2911 eodem
1649 2851 1813 2911 bello
1837 2860 2095 2932 ceperat.
2296 2820 2404 2869 ¹⁸:⁰¹⁶
2422 2820 2559 2885 vm·

465 2954 564 3009 52.
607 2945 782 3021 Idem
812 2946 1041 3017 Pollio,
1067 2966 1326 3006 summus
1350 2966 1550 3005 eorum
1576 2954 1904 3027 temporum
1940 2954 2155 3017 orator,
2186 2947 2274 3005 in·
2331 2946 2462 3002 Plor-
2488 2961 2564 2997 zv·

379 3045 558 3121 signis
595 3043 926 3113 historicus,
966 3041 1288 3101 studiorum
1333 3050 1612 3121 patronus
1644 3042 1918 3111 eximius,
1952 3041 2273 3101 bibliothe-
2302 3010 2469 3123 1ῗῇἰὲ
2470 3026 2601 3123 οἷή.

381 3157 513 3199 cam
541 3138 757 3197 Romoe
776 3138 994 3218 primus
1017 3136 1350 3217 publicavit
1374 3138 1434 3195 in
1459 3136 1610 3195 atrio
1644 3135 1982 3206 Libertatis,
2008 3135 2170 3215 quod
2195 3156 2271 3195 ex
2299 3141 2383 3187 ⁸⁰·
2418 3144 2471 3185 et

379 3233 675 3295 manubiis
719 3233 1044 3293 refecerat:
1109 3231 1464 3309 imaginibus
1508 3230 1973 3289 doctissimorum
2020 3231 2273 3290 virorum
2301 3205 2565 3314 ¹¹3⁸&

381 3331 465 3388 ibi
503 3328 750 3407 positis3
795 3330 855 3389 in
901 3328 995 3387 his
1019 3324 1329 3396 Varronis,
1368 3324 1538 3385 unius
1570 3344 1769 3387 eorum
1798 3326 1901 3405 qui
1929 3333 2053 3385 tum
2079 3324 2273 3387 adhuc
2299 3280 2563 3381 miti-⁰⁰⁶3·

381 3426 670 3486 viverent.
2300 3392 2531 3521 Αἱῖιὲῧζ

2294 3520 2428 3571 ΡΙὶιι.
