3159 4959
893 476 1101 524 mam
1153 478 1357 527 exne
1380 476 2029 529 surenamnu‘runa.
2404 464 2568 533 5901

349 615 667 686 ferebatur,
702 617 807 695 qui
844 636 959 677 aere
996 617 1193 677 alieno
1234 616 1461 695 gravati
1498 617 1758 677 futurum
1793 626 2142 697 sperassent,
2187 629 2253 678 ut

350 714 751 773 misericordia
784 715 1014 793 accepti
1048 712 1384 775 detrimenti
1414 734 1590 773 onere
1617 714 1968 775 levarentur.
2057 714 2250 794 Igitur

350 811 564 871 nemini
601 828 957 869 succursum.

428 912 528 969 27.
574 905 882 965 Adversus
908 904 1204 975 incendia,
1232 904 1489 985 spatium
1516 904 1705 963 Urbis
1723 904 1782 963 in
1811 906 2076 983 regiones
2101 927 2250 986 qua·
2307 930 2504 981 Sueten.

346 1002 692 1074 tum-decim,
740 1011 801 1061 et
844 1003 953 1061 has
996 1002 1205 1062 iterum
1246 1003 1307 1061 in
1348 1000 1509 1061 vicos
1554 1001 1778 1061 divisit.
1877 1001 2252 1081 Regionibus
2273 994 2505 1109 2⁰53?-

344 1118 591 1178 praesse
627 1100 1003 1179 magistratus
1044 1116 1291 1167 annuos,
1318 1107 1620 1177 praetoreS,
1651 1099 1914 1159 tribunos
1952 1098 2160 1179 plebis,
2188 1111 2250 1161 et

342 1194 547 1255 aediles
581 1195 789 1254 sortito
818 1196 1017 1272 jussit.
1104 1193 1393 1255 vicorum
1432 1195 1745 1271 magistris,
1783 1196 1888 1274 qui
1923 1198 2250 1275 antiquitus
2273 1199 2446 1317 ἐξ,
2486 1274 2518 1319 7

341 1290 417 1351 de
444 1291 621 1371 plebe
646 1291 1171 1365 constituebantur,
1202 1300 1413 1370 praeter
1438 1301 1810 1371 praetextam,
1838 1312 1974 1371 quae
2005 1302 2070 1351 et
2101 1291 2245 1353 olim
2270 1330 2389 1382 Dio.

340 1387 796 1456 concedebatur,
818 1387 987 1448 binos
1010 1387 1245 1447 lictores
1269 1386 1520 1457 addidit,
1542 1389 1761 1466 quibus
1787 1390 1844 1447 in
1870 1409 1976 1449 suo
1995 1389 2242 1468 quisquc

340 1483 532 1561 spatio
570 1484 863 1561 certisque
898 1481 1105 1541 diebus
1149 1491 1463 1543 uterentur.
1546 1484 1656 1543 Ab
1697 1484 1788 1543 his
1823 1483 2053 1544 familia
2093 1485 2242 1565 pub-

340 1576 462 1637 lica
494 1578 653 1637 circa
690 1586 893 1658 portas
930 1588 993 1637 et
1026 1597 1221 1638 muros
1253 1578 1561 1659 disposita,
1589 1580 1694 1639 ubi
1729 1599 2030 1639 necessum
2067 1588 2242 1651 esset,

336 1674 733 1733 evocabatur:
780 1672 971 1735 donec
1008 1682 1139 1753 post
1174 1673 1405 1754 aliquot
1443 1693 1648 1745 annos,
1679 1675 1962 1754 praefecto
1995 1675 2242 1754 vigilum
2299 1691 2420 1752 Dio,
2443 1708 2526 1745 u.

336 1770 682 1839 constituto,
708 1769 1049 1849 diligentius
1072 1771 1253 1829 etiam
1279 1772 1357 1829 ab
1386 1770 1666 1849 Augusto
1693 1772 1986 1850 provisum
2015 1781 2124 1831 est.
2266 1758 2357 1868 fflb
2367 1758 2536 1871 {3⁰³5

414 1872 515 1927 28.
561 1864 1009 1926 Adolescebant
1052 1867 1285 1925 interim
1334 1865 1523 1926 Caius
1577 1876 1643 1926 et
1700 1865 1918 1927 Lucius
1972 1866 2245 1927 Caesares
2266 1884 2497 1934 ethm-

336 1964 465 2041 pari
510 1962 813 2041 voluptate
864 1981 935 2020 ac
980 1961 1357 2021 solicitudine
1402 1961 1701 2042 principis,
1735 1964 1838 2041 qui
1881 1963 2243 2024 munimenta
2268 1956 2417 2068 'agita’
2438 2028 2520 2063 Π.

334 2057 547 2119 domus
582 2059 947 2119 corroborari
988 2057 1339 2125 laetabatur-3
1384 2058 1753 2117 insolentiam
1796 2076 2104 2137 puerorum
2145 2078 2240 2119 su-
2267 2074 2352 2122 sub
2375 2077 2512 2128 Coos.

332 2158 661 2238 Spectabit-
732 2156 977 2236 Quippe
1004 2156 1171 2233 gnari
1196 2174 1375 2233 quam
1402 2154 1481 2213 ad
1507 2152 1804 2215 fortunam
1829 2154 2239 2227 educarentur,
2264 2138 2505 2251 ,13έέἐῇ

334 2270 525 2315 mores
550 2254 743 2313 avitos
776 2250 934 2313 haud
962 2252 1251 2313 curabant
1286 2270 1710 2331 usquequaque
1749 2250 2032 2312 aemulari.
2117 2251 2235 2313 Ln-
2259 2266 2412 2319 ustio.

332 2348 459 2408 cius
511 2350 713 2427 utique
757 2349 855 2409 vix
911 2346 1185 2409 undecim
1238 2356 1411 2405 natus
1456 2366 1664 2416 annos,
1717 2366 1852 2405 cum
1899 2347 1960 2405 in
2006 2348 2238 2408 theatro

333 2442 543 2523 plausu
566 2452 644 2504 'et
686 2443 1213 2505 acclamationibus
1256 2442 1461 2523 populi
1510 2450 1796 2522 exceptus
1834 2462 2076 2520 magnos
2116 2445 2236 2524 spi-

330 2540 479 2599 ritus
526 2541 843 2608 sumsisset,
900 2558 975 2597 eo
1028 2558 1361 2618 progressus
1416 2547 1517 2597 est
1557 2538 1923 2608 temeritatis,
1976 2547 2042 2597 ut
2082 2538 2236 2598 Caio

330 2634 521 2705 fratri,
560 2656 633 2695 eo
676 2655 911 2715 quoque
956 2634 1153 2695 adhuc
1198 2640 1575 2713 praetextato,
1619 2642 1820 2712 petere
1861 2632 2233 2693 consulatum

328 2730 589 2793 auderet.
671 2730 825 2791 Tum
866 2749 1004 2790 vero
1047 2746 1159 2789 non
1202 2722 1470 2809 premens
1506 2729 1654 2789 iram
1685 2727 1910 2798 Caesar,
1953 2737 1970 2763 ‘
2004 2728 2233 2798 Absit:

326 2829 545 2907 inquit,
588 2835 605 2861 ‘
635 2846 672 2885 a
698 2825 1029 2905 republica,
1066 2824 1261 2903 qualis
1304 2825 1453 2883 meis
1494 2824 1864 2903 temporibus
1891 2825 2090 2884 evenit
2127 2843 2228 2883 ca-

326 2924 585 2991 lamitas,
626 2931 693 2982 ut
742 2940 1078 3000 quenquam
1131 2921 1299 2979 annis
1342 2920 1553 2997 viginti
1603 2922 1881 2979 minorem
1927 2920 2226 2979 consulem

328 3016 456 3077 fieri
484 3025 753 3096 oporteat
773 3016 812 3072 ξ’
894 3015 997 3075 Sic
1024 3016 1205 3073 etiam
1242 3014 1662 3083 insistentibus,
1707 3024 1724 3049 ‘
1755 3023 1878 3073 tum
1921 3014 2068 3073 satis
2101 3032 2228 3074 ma-

326 3122 455 3173 ture
482 3113 885 3191 magistratum
912 3129 1045 3172 eum
1072 3110 1407 3189 capturum'
1436 3110 1758 3188 respondit,
1786 3120 1802 3145 ⁴
1831 3110 1930 3169 ubi
1955 3123 2018 3170 et
2041 3122 2228 3173 semet

327 3208 603 3269 cohibere
652 3228 691 3267 a
736 3206 1059 3288 peccando,
1102 3214 1165 3265 et
1210 3204 1414 3285 populi
1460 3224 1826 3284 compescere
1871 3206 2228 3285 cupiditates

330 3303 673 3365 didicisset.'
1785 3302 1796 3317 ¹

342 3366 351 3373 ι

406 3408 507 3460 29.
551 3399 799 3460 Interim
826 3408 893 3459 ut
918 3396 1285 3475 indulgentia
1311 3396 1658 3478 praeferocae
1683 3396 1907 3455 animos
1929 3398 2225 3470 retineret,
2285 3422 2483 3470 Sueton.

326 3495 712 3555 sacerdotium
740 3495 894 3554 Caio
916 3493 1107 3563 dedit,
1136 3502 1200 3551 et
1222 3492 1516 3570 designari
1543 3492 1840 3553 consulem
1870 3513 2074 3571 passus
2100 3504 2228 3566 est,·
2254 3478 2549 3601 Λέξξὲρἷω.

329 3600 397 3649 ut
421 3600 553 3671 post
588 3590 1075 3669 quinquennium,
1118 3608 1273 3649 anno
1298 3589 1493 3647 aetatis
1516 3589 1794 3649 vicesimo
1823 3590 2224 3666 magistratum
2251 3620 2353 3663 hg,

322 3687 514 3745 iniret.
582 3686 827 3745 Interim
854 3706 933 3744 ex
958 3705 1033 3743 ea
1058 3683 1155 3743 die
1189 3683 1479 3745 deductus
1503 3684 1561 3741 in
1591 3682 1804 3753 forum,
1835 3694 1900 3743 ut
1924 3686 2225 3746 interesset
2249 3679 2414 3790 Ζὶὓθζ·
2441 3743 2484 3790 A

326 3780 585 3845 consiliis
626 3781 901 3860 publicis,
949 3780 1199 3859 locoque
1240 3780 1531 3839 senatorio
1572 3789 1869 3857 spectaret
1909 3789 1970 3839 et
2014 3782 2218 3859 epuflg,
2249 3758 2427 3871 05:⁹¹⁸
2489 3758 2544 3791 n.

386 3974 406 3999 ⁸
438 3967 507 4015 Ee
546 3960 789 4024 designari
818 3962 1047 4011 consulem
1078 3975 1241 4023 passus
1306 3960 1440 4008 hunc
1498 3975 1686 4009 annum
1739 3961 1950 4021 cadunt,
1996 3978 2096 4025 quo
2151 3962 2218 4013 D.

320 4030 419 4093 cst]
455 4032 585 4081 Qnoe
622 4030 703 4075 hic
739 4036 793 4076 ct
820 4026 971 4088 paulu
994 4024 1129 4073 infru
1162 4024 1239 4073 di·
1309 4025 1498 4073 Laelius
1532 4034 1588 4073 et
1619 4026 1679 4073 C.
1702 4024 1956 4073 Antistius
1988 4029 2222 4077 consules

324 4103 515 4147 crinitur
559 4092 621 4142 ad
678 4092 737 4140 C.
782 4092 1038 4141 can-rem
1086 4090 1239 4153 perti·
1306 4098 1474 4149 ersnt,
1514 4090 1602 4138 sed
1639 4090 1693 4138 in
1732 4091 1966 4151 proxime
2005 4104 2221 4154 sequen·

326 4162 517 4215 nentia,
562 4159 703 4205 iilum
755 4156 1075 4218 designatum
1121 4169 1241 4201 cou-
1308 4161 1551 4216 tcm,quo
1579 4154 1841 4214 Augustus
1862 4154 2217 4204 duodecimum

324 4224 483 4273 sulem
526 4222 701 4283 fuisse,
740 4228 793 4269 et
841 4220 1123 4283 principem
1155 4220 1239 4281 ju·
1305 4218 1814 4279 consulatum‘cepin
1851 4226 1906 4266 ιιι
1931 4227 2130 4269 constat
2153 4236 2219 4270 ex

325 4288 553 4339 ventutis
615 4288 955 4357 appeliatum,
1019 4298 1119 4341 non
1188 4284 1237 4331 in
1304 4284 1514 4335 Sueton-
1537 4298 1583 4333 c.
1606 4285 1686 4331 26.
1709 4292 1762 4332 et
1786 4283 2006 4335 Zonara.
2045 4286 2184 4334 Creo.
