3159 4959
584 434 757 501 5874
1172 450 1181 463 ⁴
1530 448 1600 497 τ.
1649 448 1868 498 mvn.

909 601 1029 652 tem
1052 591 1303 668 mig-rare
1326 591 1385 649 in
1420 590 1673 661 Urbem,
1702 590 1905 651 venire
1927 590 1984 647 in
2023 596 2290 659 senatum
2323 595 2634 667 coegeran
2670 608 2790 670 quo

909 686 1161 765 plurium
1186 685 1407 746 derisni
1448 694 1855 765 exponeretur.
1941 684 2062 743 Sed
2097 694 2160 743 et
2191 683 2464 745 ultimum
2503 687 2558 744 ei
2595 686 2794 745 locum

908 781 1175 842 dicendae
1218 784 1366 842 inter
1402 782 1740 841 consulares
1771 782 2076 840 sententiae
2109 780 2312 848 dadin
2355 800 2492 840 cum
2519 782 2670 841 alios
2701 804 2795 842 se·

908 879 1167 938 eundum
1186 888 1452 957 tempora
1476 880 1622 956 gesti
1649 878 2044 955 magistratus,
2085 886 2190 934 ant
2211 877 2566 954 singularem
2605 898 2792 957 quan-

910 973 1049 1033 dam
1075 975 1473 1053 pra-,stantiam
1512 973 1850 1033 collocaret.
1935 971 2074 1030 Nec
2117 971 2398 1031 adversus
2421 973 2546 1032 haec
2571 973 2792 1033 nitendi

910 1069 1002 1128 vis
1038 1078 1167 1128 erat
1206 1069 1331 1128 ulla
1382 1068 1632 1147 Lepido,
1679 1069 1784 1147 qui
1825 1066 2123 1145 equidem,
2147 1068 2198 1125 si
2236 1066 2528 1145 pontiflc'n
2551 1070 2792 1129 maximi

912 1171 1079 1223 tanta
1122 1172 1383 1243 potestas
1424 1164 1650 1234 fuisset,
1697 1172 1765 1221 ut
1807 1164 2110 1241 imperium
2167 1161 2424 1221 adimere
2469 1165 2566 1222 cui
2615 1163 2794 1225 vellet

912 1268 1129 1339 posset,
1153 1259 1313 1339 quod
1342 1279 1525 1339 nuper
1562 1260 1742 1318 asseri
1775 1268 2028 1337 coepmm
2061 1266 2172 1326 est,
2209 1257 2486 1317 adversus
2507 1259 2616 1318 has
2638 1261 2792 1339 inju-

618 1358 767 1425 Lapis
782 1358 886 1408 An·
910 1356 1026 1415 rias
1048 1357 1109 1414 in
1134 1362 1367 1435 promtu
1392 1354 1577 1413 telum
1605 1355 1950 1414 acerrimum
1977 1354 2296 1413 habuisset.
2381 1353 2610 1413 Eodem
2637 1374 2790 1415 anno

590 1440 694 1489 ⁶5¹·
911 1451 1219 1529 Augustus
1242 1452 1547 1510 tribunitia
1569 1458 1860 1530 potestate
1884 1450 2344 1519 duodecimum?
2364 1450 2794 1528 quadringenos

592 1550 711 1599 Dio.
910 1566 1175 1607 nummos
1188 1548 1210 1581 '
1228 1546 1449 1607 viritim
1475 1544 1694 1626 populo
1717 1546 1898 1605 dedit.
1981 1544 2262 1605 Honores
2295 1546 2372 1605 ab
2399 1555 2604 1605 senatu
2629 1546 2794 1607 dela-

906 1651 1021 1713 tos,
1061 1640 1411 1721 pontificatu
1456 1650 1724 1721 accepto,
1765 1641 2018 1700 abnuit:
2061 1640 2478 1711 insistentibus,
2521 1643 2794 1713 surrexit,

912 1746 975 1796 et
1012 1756 1047 1795 e
1074 1738 1240 1796 curia
1266 1756 1329 1797 se
1358 1738 1664 1817 proripuit.
1745 1736 1930 1795 AEdes
1967 1735 2080 1794 sibi
2119 1734 2356 1815 publice
2391 1737 2638 1815 praeberi
2677 1756 2792 1797 non

906 1839 999 1891 est
1036 1850 1275 1912 passus:
1332 1830 1459 1901 sed,
1501 1832 1648 1911 quia
1690 1830 2030 1911 pontificem
2073 1832 2397 1890 maximum
2453 1832 2512 1889 in
2555 1832 2796 1911 publica

908 1924 1085 1987 domo
1108 1928 1377 1987 habitare
1416 1946 1714 1986 necessum
1753 1935 1902 1997 erat,
1945 1946 2182 1986 suarum
2208 1926 2422 1987 aedium
2448 1927 2506 1985 in
2545 1926 2798 1988 Palatio

908 2032 1131 2103 partem
1159 2024 1508 2103 publicavit.
1596 2022 1853 2084 Domum
1879 2032 2099 2093 autem,
2137 2042 2316 2101 quam
2353 2041 2459 2081 rex
2497 2032 2792 2083 sacrorum

906 2118 1049 2179 olim
1074 2120 1447 2191 obtinuerat,
1472 2119 1846 2190 Vestalibus,
1867 2138 2114 2197 quarum
2141 2120 2222 2177 ab
2247 2118 2608 2180 habitatione
2631 2138 2792 2181 eom-

908 2215 1067 2273 muni
1094 2224 1319 2275 tantum
1344 2216 1569 2294 pariete
1593 2214 2081 2291 distinguebatur,
2107 2212 2370 2274 tradidit.

989 2315 1091 2371 ⁷1.
1138 2308 1223 2369 Et
1260 2329 1335 2369 ne
1360 2329 1465 2389 per
1489 2310 1636 2368 iram
1672 2308 1817 2388 quid
1842 2308 2068 2369 faceret
2099 2318 2205 2369 aut
2225 2308 2450 2369 diceret
2473 2310 2792 2382 incivilius,

908 2426 1044 2467 cum
1068 2407 1129 2467 in
1152 2416 1359 2467 senatu
1388 2416 1630 2487 propter
1653 2408 1854 2467 uxoris
1877 2427 2000 2466 suae
2023 2408 2210 2467 vitam
2235 2416 2544 2467 accusatus
2565 2408 2792 2468 Corne-

908 2502 1023 2562 lius
1062 2502 1334 2572 Sisenna,
1364 2501 1608 2563 ductam
1647 2503 1760 2561 sibi
1788 2503 2064 2581 Augusto
2105 2510 2341 2564 auctore
2376 2502 2790 2573 confirmaret:

908 2597 1149 2657 exsiluit
1174 2618 1209 2656 e
1232 2596 1371 2657 sede
1408 2617 1539 2667 sua,
1564 2608 1651 2669 et,
1677 2599 1872 2678 spatio
1893 2600 2170 2679 temporis
2191 2599 2553 2679 interposito,
2577 2598 2752 2659 rediit
2771 2620 2790 2659 z

910 2700 929 2727 ⁴
951 2692 1066 2753 hoc
1092 2692 1233 2753 licet
1266 2713 1381 2753 non
1416 2695 1794 2765 concinnum,
1821 2694 2130 2755 admittere
2153 2694 2450 2765 maluisse,
2477 2715 2655 2775 quan
2681 2695 2792 2755 ali-

910 2788 1053 2867 quid
1101 2787 1253 2847 forte
1298 2788 1579 2865 gravius,’
1621 2790 1774 2848 inter
1823 2790 2046 2849 amicos
2095 2798 2304 2871 postea
2351 2790 2644 2851 confeoeus
2683 2800 2791 2853 est.

620 2898 819 2948 sueton.
910 2880 1050 2942 Nec
1074 2882 1469 2944 subtrahenda
1492 2884 1790 2943 memoria:
1813 2884 1912 2944 vel
1947 2885 2226 2965 principis
2249 2894 2340 2945 est
2361 2888 2668 2966 patientia,
2691 2886 2792 2947 vel

588 2959 718 3024 ΑΨ·
738 2966 819 3013 ⁶⁴·
912 2976 1153 3039 libertas
1192 2979 1575 3056 ingerentium
1617 2978 1940 3039 discedenti
1975 2978 2314 3059 aliquando,
2355 2990 2374 3017 ‘
2395 2982 2600 3041 Licere
2621 3002 2790 3063 opor·

908 3082 1031 3135 tere
1074 3074 1439 3133 senatoribus
1470 3072 1547 3133 de
1587 3076 1894 3155 republica
1927 3076 2132 3155 loqui.’
2212 3076 2433 3136 Ferunt
2457 3077 2790 3156 Augustum

909 3167 1087 3247 hujus
1110 3168 1237 3229 vitii
1260 3168 1561 3229 conscium
1585 3178 1884 3247 gratanter
1901 3172 2224 3231 amicorum
2243 3171 2666 3233 admonitiones
2681 3194 2790 3233 ex-

489 3326 495 3335 ,
618 3279 755 3329 Plut.
908 3265 1151 3345 cepisse.
1215 3263 1383 3326 Nam
1408 3272 1471 3323 et
1495 3264 1952 3326 Athenodorum
1967 3266 2310 3327 Tarsensem
2333 3287 2370 3327 a
2385 3286 2448 3327 se
2463 3266 2790 3345 digredien-

587 3343 883 3473 ssffiqhssug.
908 3368 1051 3430 tem,
1094 3380 1228 3421 cum
1272 3368 1509 3437 rogatus
1554 3359 1704 3419 utile
1737 3372 2096 3443 praeceptum
2133 3363 2482 3443 relinquere,
2521 3364 2787 3436 dixisset,

610 3521 617 3527 ‚
908 3465 927 3493 ‘
952 3456 1041 3515 uti
1064 3474 1199 3515 cum
1224 3455 1497 3534 coepisset
1520 3455 1718 3526 irasci,
1745 3464 1998 3535 quatuor
2015 3466 2078 3517 et
2100 3459 2308 3537 viginti
2329 3458 2574 3519 Graecas
2591 3459 2792 3520 literas

906 3551 1188 3611 memoria
1212 3559 1565 3620 recenseret,
1595 3551 1932 3630 priusquam
1961 3553 2190 3633 aliquid
2214 3554 2436 3613 faceret
2453 3562 2560 3615 aut
2585 3556 2790 3634 loque-

906 3645 1110 3716 retur,'
1152 3652 1441 3705 retentum
1468 3645 1546 3705 ab
1570 3665 1665 3719 e0,
1689 3645 1946 3720 dicente,
1975 3658 1994 3687 ‘
2017 3650 2134 3710 sibi
2161 3648 2356 3711 adbuc
2379 3650 2512 3728 ejus
2537 3669 2788 3731 proesen-

908 3742 995 3801 tia
1016 3760 1165 3821 opus
1188 3741 1357 3801 esse.’

971 3910 995 3937 ⁶
1030 3900 1295 3951 Tribunitia
1332 3906 1565 3965 potestate
1605 3906 1820 3955 duodeci·
1884 3912 2017 3969 rata,
2040 3907 2089 3955 in
2113 3904 2419 3970 proximum,
2438 3908 2519 3958 vel
2548 3906 2701 3956 etiam
2736 3906 2787 3956 in

908 3964 1059 4029 num]
1094 3966 1211 4015 Hoc
1235 3980 1365 4015 anno
1388 3966 1704 4018 tribunitiam
1729 3986 1818 4033 po·
1883 3972 2091 4021 tertium
2117 3971 2181 4019 ab
2197 3972 2291 4020 hoc
2310 3986 2494 4021 annum
2512 3972 2789 4035 rejicienda

908 4038 1152 4080 testatem
1186 4030 1393 4092 gerebat
1428 4031 1698 4095 Augustus
1729 4035 1819 4084 de·
1883 4046 1981 4086 esi.
2015 4038 2154 4084 Cres.

907 4094 1093 4142 cinnum
1139 4106 1204 4141 ex
1256 4094 1422 4143 Fastis
1474 4097 1814 4160 Capitolinis3
1949 4097 1968 4132 ἲ
1998 4098 2357 4159 Quadringenta
2381 4099 2611 4163 nummos]
2645 4098 2788 4147 Mar-

904 4159 1212 4214 undeeimun,
1237 4172 1302 4206 ex
1324 4160 1522 4208 Tacito.
1562 4161 1682 4212 vid.
1709 4170 1815 4213 not.
1881 4176 1970 4213 cas
1990 4164 2190 4226 argenti
2215 4170 2470 4215 nostrate·
2489 4168 2568 4215 12.
2590 4178 2787 4215 semun-

907 4219 1041 4293 ad-c.
1062 4225 1143 4269 ⁸6.
1166 4234 1337 4281 sium.
1379 4223 1567 4287 Itaque
1591 4226 1700 4277 baee
1719 4228 1816 4276 lar·
1879 4228 2009 4281 ciam
2033 4232 2079 4278 1.
2119 4226 2262 4275 Creu.

904 4282 1030 4346 gitio
1060 4283 1113 4332 in
1136 4285 1307 4349 lapide
1327 4285 1604 4353 Aneyrano
1623 4306 1815 4343 memo·
