3159 4959
534 439 715 506 5670

576 1678 796 1728 Frontin.

544 1744 687 1820 Strat.
701 1747 814 1791 113.

544 1823 674 1920 Pio-r:-
691 1869 825 1919 Plut.

546 2131 663 2182 Dio.
692 2131 825 2182 Plut.

1516 453 1592 504 Ψ.
1641 451 1831 503 mvn
1934 457 1944 468 '

866 597 1018 659 nihil
1042 617 1158 657 non
1185 597 1299 657 sibi
1324 595 1782 678 pollicebantur,
1807 615 1912 678 spe
1929 613 2038 656 sua
2045 592 2394 676 judicioque
2415 604 2770 679 magnopere

867 695 1234 756 fallerentur.
2627 712 2638 718 ·
2761 701 2767 710 '

946 799 1047 851 18.
1092 790 1198 850 Illi
1228 798 1437 851 contra
1473 811 1640 851 suam
1675 789 2160 851 consuetudinem
2185 809 2374 870 prope
2411 799 2607 852 castra
2633 791 2770 853 Bm

862 905 1043 947 manu.
1066 897 1592 966 pernoctavi-:rann
1621 897 1704 954 et,
1731 887 2110 944 affluentibus
2133 887 2195 945 iu
2219 888 2398 948 horus
2421 889 2578 959 aliis,
2604 893 2770 966 (nm

862 991 929 1043 et
952 1001 1031 1042 ex
1058 987 1349 1061 perpetuo
1370 979 1657 1040 comitatu
1695 999 1825 1050 suo,
1863 988 2149 1058 tanquam
2189 981 2269 1039 ad
2309 993 2578 1058 paratam
2620 1003 2774 1064 prae-

864 1078 1030 1150 dam,
1056 1077 1274 1137 multos
1302 1095 1408 1135 rex
1434 1076 1734 1154 mittebat)
1771 1075 1850 1136 ad
1889 1095 2192 1136 numerum
2217 1075 2610 1155 quadraginta
2633 1079 2770 1138 mil-.-

866 1177 1013 1238 lium
1052 1176 1317 1256 equitum
1358 1173 1543 1245 aucti,
1578 1173 1890 1234 Romanos
1927 1173 2040 1233 iter
2079 1172 2371 1232 facientes
2413 1173 2770 1233 invaserunt.

870 1271 994 1332 Sed
1020 1271 1297 1332 alacriter
1331 1272 1411 1330 ab
1446 1271 1541 1329 his
1568 1278 1960 1350 repugnatum
1999 1277 2110 1339 est,
2153 1267 2343 1328 donec
2379 1269 2496 1348 per'
2513 1267 2771 1328 declivia

867 1368 1145 1426 euntibus
1166 1385 1391 1424 rursum
1418 1367 1698 1426 acerrime
1727 1365 2060 1424 institerunt
2083 1363 2326 1433 Parthi,
2367 1371 2538 1422 tanta
2571 1363 2792 1423 multi*-

868 1461 1071 1521 tudine
1100 1461 1447 1539 sagittarum
1468 1461 1750 1530 immissa,
1777 1467 1846 1520 ut
1870 1479 2040 1540 paene
2066 1459 2470 1519 obruerentur.

948 1565 1049 1618 19.
1112 1557 1213 1616 Ibi
1253 1559 1425 1636 jussu
1476 1556 1728 1616 Antonii
1774 1555 2131 1636 legionarius
2179 1554 2372 1626 miles,
2417 1557 2666 1636 receptis
2704 1558 2768 1618 iu

870 1654 1129 1714 medium
1153 1651 1437 1714 velitibus
1474 1662 1536 1712 et
1568 1653 1865 1732 equitatu,
1901 1651 2258 1714 testudinem
2285 1651 2454 1723 fecit,
2487 1653 2548 1712 iu
2591 1673 2770 1732 quam

868 1749 1219 1809 cadentibus
1256 1751 1511 1828 sagittis,
1547 1749 1803 1810 hostium
1848 1749 2144 1828 pharetrae
2185 1749 2312 1808 sine
2361 1750 2772 1832 noxa-militis

868 1845 1335 1906 exhaurirentur.
1391 1845 1752 1904 Inusitatum
1771 1844 1837 1903 id
1855 1843 2264 1923 spectaculum
2289 1863 2406 1904 non
2435 1864 2552 1904 uuo
2577 1865 2773 1905 errore

869 1941 1108 2021 decepit
1150 1941 1433 2002 Parthos.
1531 1939 1744 2000 Primo
1789 1941 1968 2010 enim,
2004 1959 2142 2000 cum
2180 1941 2240 2000 in
2281 1941 2578 2001 sinistrum
2618 1947 2772 2019 geuu'

868 2056 1073 2098 omues
1095 2037 1562 2118 procubuissent,
1603 2045 1872 2116 essetque
1899 2035 2060 2094 idem
2083 2036 2162 2095 ab
2187 2036 2377 2114 equis,
2423 2035 2500 2095 ad
2525 2037 2640 2096 hoc
2665 2056 2772 2096 ex-

870 2133 1088 2205 ercitis,
1135 2132 1383 2202 factum,
1416 2132 1655 2191 barbari
1695 2131 2038 2192 vulneribus
2061 2139 2127 2190 et
2149 2130 2496 2208 fatigatione
2519 2131 2774 2193 deficere

873 2227 1183 2290 Romanos
1218 2227 1393 2290 simul
1428 2246 1630 2286 omues
1667 2229 1806 2298 rati,
1853 2227 2080 2288 omissis
2116 2227 2368 2286 arcubus
2409 2228 2773 2307 arripuerunt

870 2335 1099 2396 contos,
1118 2325 1205 2384 sic
1225 2321 1583 2383 interfecturi
1593 2325 1886 2402 jacentes.
1957 2321 2082 2382 Sed
2103 2321 2206 2381 ubi
2225 2322 2493 2382 cominus
2508 2331 2771 2394 ventum,

868 2439 1225 2500 consurgens
1246 2419 1447 2480 subito
1487 2419 1680 2490 miles,
1722 2418 1860 2500 pilis
1893 2419 2204 2497 conjectis,
2239 2419 2573 2498 complures
2599 2421 2770 2480 inter-

869 2517 1051 2582 emit3
1096 2515 1357 2590 reliquos
1380 2514 1664 2575 miraculo
1699 2516 1785 2575 rei
1811 2521 1876 2574 et
1897 2533 2134 2574 suorum
2157 2533 2300 2573 casu
2325 2515 2608 2574 attonitos
2631 2535 2772 2574 cou-

860 2610 1018 2687 jecit
1052 2608 1113 2668 iu
1150 2607 1380 2686 fugam,
1418 2627 1491 2668 eo
1528 2615 1770 2677 terrore,
1807 2620 1874 2666 ut
1911 2610 2192 2688 deinceps
2231 2609 2472 2689 aggredi
2515 2612 2774 2689 legione·

871 2724 987 2764 uon
1015 2703 1319 2764 auderent.
1406 2701 1602 2778 Igitur
1641 2701 1837 2763 denuo
1862 2703 2026 2783 pacis
2051 2703 2111 2762 iu
2135 2707 2388 2783 speciem
2415 2706 2774 2768 frumentum

870 2808 976 2859 aut
1002 2798 1285 2879 pabulum
1311 2799 1647 2878 petentibus
1671 2801 2084 2869 occurrebant,
2112 2800 2379 2860 remissos
2401 2800 2776 2862 ostendentes

870 2915 1115 2955 arcuum
1140 2914 1387 2955 nervos:
1432 2902 1449 2932 ‘
1474 2913 1671 2974 neque
1691 2915 1756 2954 se
1795 2883 2040 2964 ulterius
2075 2893 2314 2956 infestos
2353 2895 2480 2956 fore
2507 2897 2776 2956 abeunti-

867 2995 1000 3055 bus.
1084 2993 1329 3054 Paucos
1372 2991 1692 3052 Medorum
1735 3001 2058 3063 secuturos,
2095 2993 2268 3052 unius
2303 2992 2616 3054 alteriusve
2650 2993 2774 3054 diei

869 3089 1119 3150 itinere:
1162 3109 1273 3150 nec
1312 3088 1600 3150 inferendi
1644 3087 1895 3170 periculi
1935 3106 2143 3161 causa,
2169 3089 2274 3150 sed
2317 3088 2583 3150 tutandis
2623 3091 2776 3151 vicis

866 3186 985 3246 suis
1010 3184 1192 3267 paulo
1221 3186 1452 3265 longius
1476 3185 1870 3246 distantibus.'

936 3289 1051 3343 20.
1098 3281 1224 3343 Sed
1260 3281 1500 3344 suberat
1535 3283 1744 3362 ingens
1780 3281 1974 3354 dolus,
2005 3291 2068 3343 et
2099 3283 2385 3344 exitiosus
2407 3284 2696 3354 omnibus,
2721 3284 2780 3344 si

868 3377 1269 3438 declinassent
1290 3381 1351 3439 in
1376 3399 1638 3460 campos.
1721 3379 1906 3446 Quod
1936 3401 2040 3460 spe
2068 3381 2374 3441 Parthicae
2399 3381 2583 3461 pacis,
2608 3388 2671 3439 et
2693 3381 2774 3440 ob

867 3472 1345 3535 commoditatem
1375 3477 1638 3556 aquandi
1673 3476 1899 3536 factum
1931 3486 2105 3548 esset,
2133 3477 2247 3538 uisi
2271 3477 2488 3536 nobilis
2512 3475 2775 3536 Parthus

868 3570 930 3628 iu
966 3577 1167 3629 castra
1206 3571 1487 3632 Romana
1510 3573 1790 3644 venisset,
1817 3573 2103 3634 Monaesis
2125 3594 2190 3634 se
2228 3573 2622 3654 propinquum
2645 3591 2772 3632 esse

868 3663 1094 3735 dicens,
1122 3673 1186 3724 et
1209 3669 1339 3745 ejus
1363 3667 1426 3727 iu
1454 3669 1706 3746 gratiam
1733 3669 1966 3730 salubre
1991 3669 2300 3730 consilium
2327 3667 2556 3730 afferre.
2625 3667 2770 3728 001·

867 3761 1025 3820 libus
1057 3761 1271 3822 deiude
1306 3765 1530 3824 eminus
1553 3766 1821 3837 ostensis,
1849 3773 1870 3802 ‘
1893 3764 2183 3837 Sutrinis?
2209 3765 2422 3845 iuquit,
2447 3773 2464 3803 ⁶
2485 3765 2784 3826 universae

867 3855 1229 3918 Parthorum
1294 3860 1485 3940 copioe
1531 3859 1741 3931 latent,
1809 3869 2148 3942 excepturae
2199 3881 2322 3930 vos,
2371 3859 2663 3940 siquidem
2709 3858 2780 3918 ia

865 3973 1109 4034 campos
1131 3956 1307 4034 signa
1330 3956 1700 4018 demiseritis.
1783 3957 2006 4019 Altera
2030 3979 2152 4038 qua
2175 3957 2508 4020 instituistis
2532 3973 2778 4036 pergere

866 4053 989 4122 via,
1030 4051 1332 4114 molestias
1370 4053 1574 4125 habet,
1613 4054 1827 4133 quibus
1871 4055 2224 4116 assuevistis.
2309 4053 2500 4114 Hanc
2535 4069 2676 4111 vero
2717 4052 2771 4110 si

868 4147 1263 4224 praetuleritis,
1304 4149 1513 4210 scitote
1548 4170 1658 4211 vos
1695 4149 1790 4210 M.
1819 4148 2018 4210 Crassi
2043 4149 2171 4211 fato
2195 4149 2524 4231 perituros?
2609 4145 2774 4210 Cum

867 4240 1081 4303 eadem
1103 4243 1229 4308 dux
1254 4245 1371 4306 viae
1413 4245 1654 4308 Marsus
1693 4246 1939 4320 diceret,
1973 4266 2164 4326 neque
2201 4263 2556 4326 magnopere
2603 4242 2776 4308 aliud
