3159 4959
951 434 1160 485 mam
1212 434 1432 487 cxxr.
1475 436 2120 491 surranum-vu.
2472 426 2643 495 mm

423 580 552 633 erat
573 572 846 645 salutem,
869 576 925 634 si·
957 576 1270 639 occidisset
1305 576 1713 653 Dolabellam,
1752 590 2035 663 tanqum
2076 582 2323 664 impleta
2420 624 2427 631 ·

423 668 780 741 conditione,
803 672 958 731 inter
981 693 1116 733 suos
1141 675 1370 735 babuit.

501 772 601 825 23.
643 764 742 827 At
783 767 1174 843 Laodicenos,
1212 772 1456 852 publica
1491 792 1777 853 sacraque
1804 776 2053 855 pecunia
2097 746 2321 847 ablata,
2348 782 2425 895 eA
2464 782 2597 847 pinu.

417 863 814 943 gravibusque
843 866 1128 947 impositis
1165 868 1428 937 tributis,
1455 868 1536 931 ad
1561 880 1889 931 extremam
1916 871 2207 931 miseriam
2232 892 2325 931 re-
2378 850 2629 962 ‘²2⁰5'

418 956 621 1036 degit:
644 977 782 1021 eum
807 972 870 1021 et
895 962 1118 1022 bellum
1145 964 1361 1023 multas
1383 966 1514 1043 ejus
1535 966 1749 1047 oppidi
1775 974 1971 1045 partes
1994 966 2324 1037 afflixisset,
2348 864 2443 961 :v
2482 928 2530 977 p
2634 940 2649 957 ο

415 1064 480 1115 et
527 1056 950 1117 nobilissimum
996 1079 1288 1140 quemque
1331 1062 1630 1142 supplicio
1676 1063 2013 1142 pereminet
2054 1065 2323 1125 victoria.

419 1150 656 1211 Ceteris
689 1162 888 1213 tamen
928 1155 1212 1217 abstinuit
1247 1158 1544 1236 injuriam,
1585 1157 1919 1237 militesque
1963 1158 2323 1231 Dolabelloe,
2348 1174 2463 1224 Dio.

415 1268 762 1329 quanquam
799 1263 968 1312 eraut
999 1252 1078 1311 ab
1119 1262 1324 1314 senatu
1367 1254 1562 1315 hostes
1573 1253 1859 1333 judicati,
1900 1256 1961 1314 in
1996 1274 2327 1315 sacramu-

421 1352 548 1431 tum
565 1346 823 1427 accepit,
849 1366 1022 1427 poena
1039 1350 1282 1409 remissa
1307 1370 1322 1409 ι
1349 1370 1538 1430 neque
1567 1359 1772 1431 poetea
1784 1352 1989 1423 etiam,
2012 1370 2151 1411 cum
2174 1351 2327 1411 mul-

419 1448 615 1499 torum
635 1441 859 1504 insidiis
876 1454 1194 1525 peteretur,
1215 1467 1548 1527 quenquam
1574 1468 1649 1508 eo
1672 1450 1903 1509 nomine
1924 1446 2177 1509 interfici
2194 1468 2327 1528 pes-

417 1558 522 1597 sus
545 1548 655 1599 est.

503 1640 606 1695 24.
651 1634 772 1697 Sed
799 1637 952 1699 inter
992 1648 1190 1701 cetera
1221 1640 1564 1701 Dolabellae
1602 1640 1795 1722 spolia
1828 1640 2085 1709 nobilem
2108 1660 2327 1721 equum
2383 1648 2449 1699 A.
2470 1646 2601 1698 Gen.

419 1728 600 1791 fnisse
623 1730 840 1805 ferunt,
869 1736 1181 1815 singularis
1199 1736 1506 1816 cujusdam
1527 1746 1594 1798 et
1628 1737 2086 1818 pulchritudinis
2108 1745 2173 1797 et
2198 1736 2325 1797 fati.
2354 1731 2440 1763 ¹¹¹·
2458 1718 2508 1763 ⁹·

425 1826 618 1889 Hunc
665 1850 727 1891 se
768 1832 984 1893 vidisse
1037 1833 1112 1895 C.
1167 1834 1392 1895 Bassus
1445 1834 1712 1905 tradidit,
1769 1834 1973 1913 Argis,
2008 1834 2115 1894 ubi
2156 1842 2327 1915 natus¹

417 1932 573 1995 erat,
599 1946 680 1987 ex
703 1948 916 2006 genere
939 1930 1046 1990 illo
1064 1930 1406 2003 decantato,
1431 1932 1518 1991 uti
1541 1940 1877 1992 constanter
1900 1939 1990 1990 est
2012 1929 2325 2002 creditum,

427 2018 738 2085 Diomedis
771 2045 1076 2105 equorum,
1111 2048 1282 2107 quoa,
1323 2029 1520 2089 occiso
1553 2028 1817 2098 domino,
1856 2026 2185 2087 Herculem
2220 2026 2323 2085 de-

419 2115 664 2179 duxisse
711 2118 916 2200 Argos
959 2124 1122 2184 fama
1164 2124 1440 2197 ferebat;
1485 2124 1645 2186 haud
1689 2123 1961 2184 credibili
2001 2123 2325 2203 pulchritu-

421 2214 588 2287 dine,
639 2226 704 2277 et
753 2220 977 2297 vigore,
1029 2222 1416 2300 omnibusque
1455 2225 1476 2259 ⁸
1540 2220 1677 2279 aliis
1718 2238 2005 2298 equorum
2056 2218 2331 2293 laudibus

425 2308 603 2387 longe
645 2322 1040 2392 mutantem.
1125 2315 1318 2374 Hunc
1364 2314 1689 2375 Dolabella.
1740 2332 1947 2392 nuper,
1994 2332 2129 2372 eum
2172 2312 2333 2373 fama

425 2407 564 2483 ejus
590 2406 887 2467 adductus
908 2409 1110 2487 Argos
1135 2410 1409 2481 venisset,
1437 2409 1644 2487 grandi
1664 2428 1893 2467 summa
1914 2416 2153 2467 emerat.
2206 2407 2331 2469 Sed

423 2501 806 2561 observatum
843 2512 953 2575 est,
997 2524 1200 2565 omnes
1243 2504 1404 2564 illius
1441 2505 1582 2585 equi
1626 2504 1893 2564 dominos
1928 2524 2063 2564 cum
2100 2502 2329 2564 familia

423 2596 796 2679 fortunisque
821 2600 1092 2661 omnibus
1115 2601 1324 2661 misere
1349 2599 1677 2681 disperisse.
1762 2599 1931 2659 Nam
1956 2601 2179 2679 primus
2201 2620 2327 2659 om-

423 2693 588 2753 nium
617 2692 734 2753 Gn.
763 2693 957 2773 Sejus,
985 2696 1144 2757 unde
1169 2704 1232 2755 et
1277 2704 1295 2732 ⁶
1321 2696 1578 2775 Sejanus
1600 2694 1819 2777 equus'
1842 2695 2177 2775 appellatus
2218 2704 2329 2768 eet,

425 2811 466 2851 a
490 2790 584 2849 M.
601 2787 878 2851 Antnnio
893 2792 1140 2873 capitali
1163 2791 1456 2872 supplicio
1481 2792 1731 2851 affectus
1754 2791 1967 2850 fuerat.
2048 2790 2133 2851 Et
2156 2790 2332 2851 modo

428 2886 513 2945 P.
555 2885 882 2947 Dolabella
924 2888 1089 2966 gravi
1135 2888 1320 2947 exitio
1353 2898 1484 2947 erat
1523 2881 1883 2948 consumtus.
1968 2885 2095 2945 Sed
2126 2896 2332 2966 postea

425 3002 666 3062 quoque
713 2993 778 3043 et
817 2982 1060 3045 Casius
1097 2985 1341 3055 interiit,
1392 2992 1454 3043 et
1495 2984 1621 3065 ipse
1665 2984 1758 3043 M.
1806 2983 2129 3053 Antonius,
2180 2982 2331 3041 inter

429 3076 786 3139 Cassianam
811 3079 1044 3147 cladem
1079 3081 1194 3141 hoc
1229 3100 1385 3161 equo
1410 3080 1650 3161 potitus.
1736 3077 1861 3139 Sed
1898 3078 1977 3137 ad
2003 3080 2329 3139 institutum

429 3184 710 3235 revertor.

513 3278 614 3332 25.
660 3272 878 3333 Occiso
907 3271 1255 3343 Dolabella,
1299 3270 1470 3332 multi
1502 3270 1693 3349 reguli
1722 3271 2075 3351 tyrannique
2112 3268 2331 3331 Laodi-
2386 3274 2587 3341 Joseph.

429 3388 601 3430 ceam
629 3389 765 3429 cum
791 3369 1128 3429 muneribus
1151 3378 1214 3429 et
1235 3370 1468 3429 coronis
1510 3368 1590 3428 ad
1634 3368 1903 3428 Cassium
1938 3374 2331 3429 accurrerunt.
2354 3340 2416 3389 ‘³⁰
2356 3340 2498 3459 1:³9⁸·
2500 3342 2579 3453 ἐκ
2548 3340 2630 3392 “’“1

433 3466 610 3535 Quos
635 3468 785 3527 inter
810 3468 888 3526 ab
917 3466 1354 3547 Hierosolymis
1382 3466 1708 3547 Hyrcanas
1731 3474 1991 3535 venerat,
2020 3464 2333 3526 Herodem
2356 3471 2653 3535 Antiq.x.1v

434 3563 736 3625 adducens
767 3572 830 3623 et
865 3562 1220 3633 Malichum,
1247 3564 1350 3643 qui
1388 3572 1617 3643 patrem
1662 3560 1923 3621 Herodis
1948 3562 2331 3643 intercepisse
2357 3542 2440 3589 ²⁰

439 3680 662 3720 veneno
705 3660 1040 3740 putabatur.
1129 3658 1368 3720 Idcirco
1409 3680 1545 3719 cum
1592 3661 1767 3719 venia
1813 3658 2007 3719 Cassii
2038 3658 2333 3741 ⁸'Herodem

439 3774 574 3814 eum
599 3756 656 3815 in
684 3764 1000 3837 conspectu
1027 3757 1178 3835 regis
1203 3756 1293 3817 sui
1315 3774 1418 3836 per
1443 3756 1677 3835 aliquot
1702 3756 2073 3816 centuriones
2097 3753 2329 3813 Roma-

437 3872 544 3911 nos
565 3852 1091 3913 contrucidandum
1117 3853 1362 3912 curavit.
1445 3851 1538 3910 At
1564 3852 1827 3923 cassina,
1854 3851 2189 3911 constitutis
2212 3849 2329 3930 Sy·
2355 3847 2569 3914 Appian-

437 3950 540 4008 riae
565 3950 762 4021 rebus,
788 3946 1182 4029 praefectoque
1207 3966 1340 4008 cum
1367 3966 1488 4007 una
1521 3947 1753 4025 legione
1786 3946 1985 4006 fratris
2008 3944 2159 4017 filio,
2184 3966 2333 4026 quoe

435 4046 566 4129 sibi1
605 4046 758 4107 fidos
805 4045 1058 4127 putabat
1102 4044 1362 4103 homines
1415 4044 1763 4104 civitatibus
1808 4052 2091 4124 tyrannos
2139 4044 2331 4125 impo-

976 4272 1007 4316 s
1039 4266 1104 4318 τὸ
1123 4266 1343 4333 madd.
1367 4266 1522 4319 crev.
1545 4279 1611 4319 ex
1632 4266 1815 4319 Gellio.
