3159 4959
549 432 723 501 5274

1508 452 1578 499 T.
1629 450 1842 505 mvn,

878 592 1001 663 riis,
1052 590 1385 672 prudentis,
1441 590 1818 663 liberalitate,
1881 610 2016 657 cum
2077 588 2343 670 principe
2403 588 2778 647 contenderea

882 688 1033 747 Inde
1086 687 1156 746 fit
1190 700 1257 747 ut
1302 688 1379 747 ad
1424 688 1670 768 publica
1704 689 1900 747 munia
1947 706 2177 766 segnes,
2219 684 2626 763 voluptatibus
2675 692 2782 743 aut

881 793 1109 864 quaestu
1137 804 1369 844 omnem
1397 782 1614 843 indolis
1657 784 1926 861 ingenuae
1949 784 2211 861 vigorem
2251 780 2558 847 deterant;
2603 790 2781 859 atque

878 881 965 940 sic
1007 880 1374 950 condiscant,
1414 880 1838 960 rempublicam
1875 878 2099 938 nullam
2143 876 2428 958 putando,
2463 876 2786 935 domestica

882 986 1147 1057 spectare
1175 977 1360 1048 lucra,
1387 988 1451 1036 et
1472 976 1823 1036 felicitatem
1847 976 2101 1035 alienam
2129 977 2298 1053 aegris
2321 974 2510 1033 oculis
2547 972 2784 1041 intueri,

882 1081 1167 1151 tanquam
1217 1072 1329 1131 sibi
1376 1070 1632 1131 decedat
1671 1070 1954 1150 quicquid
2004 1069 2167 1150 apud
2209 1070 2360 1129 alios
2409 1068 2784 1148 conspicitur.

886 1168 1043 1234 Quae
1068 1170 1118 1227 si
1152 1170 1431 1249 privatos,
1450 1165 1860 1227 tantummodo
1887 1168 2238 1225 incesserent
2265 1166 2570 1233 molestiae,
2596 1182 2784 1243 quan-

884 1285 1061 1345 quam
1088 1286 1229 1325 sane
1249 1266 1513 1345 iniquum
1538 1272 1696 1324 esset
1731 1262 2058 1323 conflictari
2095 1260 2366 1341 populos,
2395 1270 2464 1320 ut
2487 1280 2640 1319 unus
2671 1259 2784 1318 ali-

884 1361 1017 1440 quis
1041 1362 1299 1421 suaviter
1324 1381 1397 1420 ac
1420 1360 1680 1419 delicate
1701 1360 1868 1419 vivat
1889 1378 1906 1426 3
1946 1358 2208 1416 fortassis
2231 1366 2435 1416 auctor
2463 1376 2646 1415 essem
2675 1376 2810 1421 non,

888 1458 1197 1517 amittendi
1222 1478 1257 1516 e
1284 1458 1577 1526 manibus,
1607 1454 1766 1536 quod
1806 1454 2062 1535 propitia
2102 1454 2212 1511 tibi
2244 1452 2482 1511 fortuna
2507 1451 2791 1525 contuli&

886 1564 998 1633 set.
1084 1554 1363 1612 Ceterum
1390 1552 1467 1611 ad
1488 1553 1678 1631 ipsum
1705 1553 2090 1631 imperantem
2123 1570 2296 1619 curas
2315 1548 2593 1617 infinitas,
2621 1548 2791 1607 labo-

890 1670 982 1707 res
1006 1648 1401 1718 incredibiles,
1426 1648 1735 1717 invidiam,
1763 1647 1924 1715 odia,
1955 1645 2218 1725 pericula
2241 1645 2366 1703 sine
2385 1664 2648 1713 numero,
2667 1644 2792 1702 sine

892 1744 1087 1813 modo,
1116 1746 1404 1823 pertinere
1440 1742 1637 1803 video,
1724 1742 2038 1801 Mittamus
2073 1742 2387 1821 praeterita,
2423 1761 2574 1819 quoe.
2599 1742 2648 1798 si
2683 1739 2796 1798 tibi

890 1840 1033 1899 satis
1082 1838 1286 1899 felicia
1334 1839 1695 1909 viderentur,
1749 1858 1864 1898 non
1919 1835 2274 1896 deliberares
2322 1837 2384 1895 in
2442 1836 2791 1916 praesentia:

892 1934 1037 2015 quid
1076 1944 1413 2015 expectare,
1433 1935 1614 2015 paulo
1657 1942 1789 2015 post
1808 1933 2150 2004 debeamus,
2177 1940 2444 2013 apparet.
2527 1932 2793 1991 Urbane

892 2050 985 2090 res
1028 2052 1231 2141 parum
1271 2031 1467 2091 adhuc
1506 2031 1887 2111 compositae:
1933 2028 2118 2087 Italia
2147 2030 2312 2087 varie
2341 2030 2616 2087 turbata:
2661 2050 2794 2107 pro-

892 2128 1105 2199 vinciae
1124 2127 1259 2186 aliae
1294 2128 1621 2195 exhaustae,
1659 2125 1794 2185 aliae
1831 2124 2064 2183 dubiae:
2103 2125 2370 2199 nationes
2395 2125 2555 2185 circa
2579 2122 2796 2183 validm

894 2224 1090 2281 armis.
1174 2220 1301 2281 His
1338 2240 1652 2281 occursuro
1677 2219 1870 2279 multa
1902 2218 2173 2289 deerunt,
2201 2239 2333 2298 quae
2359 2240 2473 2278 non
2509 2219 2794 2279 facillime

892 2319 1347 2398 comparaveris.

976 2419 1076 2475 13.
1121 2412 1229 2472 ‘A
1270 2434 1333 2473 re
1372 2412 1704 2471 nummaria
1743 2410 1959 2480 ordiar,
1989 2430 2123 2490 quae
2163 2411 2274 2470 tibi
2316 2409 2798 2479 extraordinariis

891 2510 1215 2591 quaerenda
1254 2508 1529 2569 remediis
1566 2510 1682 2567 erit
1704 2526 1736 2566 ε.
1763 2527 1874 2566 nec
1911 2508 2069 2566 enim
2107 2506 2183 2565 ad
2225 2512 2316 2565 tot
2350 2502 2598 2565 alendos
2629 2526 2795 2564 exer-

890 2606 1041 2664 citus
1078 2606 1347 2683 aliasque
1388 2605 1767 2663 necessitates
1800 2602 2118 2681 vectigalia
2143 2600 2348 2682 populi
2387 2600 2648 2661 Romani
2673 2600 2796 2659 suf-

894 2699 1116 2759 sacient.
1156 2710 1175 2743 ·'
1196 2698 1433 2757 Eadem
1468 2700 1654 2775 igitur
1683 2698 2015 2755 necessitas.
2033 2698 2230 2767 fuerit,
2259 2698 2508 2775 inquies,
2537 2704 2598 2755 et
2619 2696 2799 2758 resti-

894 2802 1025 2853 tuta
1050 2793 1373 2873 republica.
1458 2792 1658 2851 Immo
1683 2810 1822 2851 vero
1847 2791 2020 2869 longe
2047 2791 2244 2901 dispar
2267 2802 2358 2851 est
2383 2792 2554 2852 ratio.
2643 2791 2798 2851 Tum

894 2892 1051 2951 enim
1086 2910 1203 2949 non
1245 2888 1507 2952 defuturi
1550 2895 1745 2947 essent
1775 2886 2014 2959 divites,
2049 2890 2152 2967 qui
2189 2888 2366 2949 laude
2403 2888 2795 2969 liberalitatis,

898 2994 1005 3047 au't
1042 2987 1377 3056 honoribus,
1405 2985 1616 3065 quales
1647 2984 1853 3044 liberae
1887 2984 2160 3043 civitates
2185 3004 2306 3063 pro.
2316 2984 2552 3043 meritis.
2559 2984 2672 3043 hoc
2682 3004 2798 3061 gef-

898 3104 1011 3142 nus
1052 3082 1399 3163 rependunt,
1442 3082 1728 3151 contenti,
1769 3082 2084 3161 pecuniam
2125 3078 2455 3139 conferrent
2495 3080 2568 3138 in
2603 3082 2798 3165 publi·
2803 3150 2810 3157 ·

898 3200 1071 3251 cum:
1109 3188 1193 3249 et,
1230 3180 1281 3238 si
1318 3180 1541 3238 tributa
1587 3178 1808 3259 populo
1847 3175 2266 3245 indicerentur,
2306 3174 2466 3235 baud
2511 3178 2798 3253 gravatim

901 3275 1155 3354 quilibet
1177 3295 1215 3334 a
1240 3296 1301 3334 se
1328 3276 1491 3334 abire
1516 3294 1786 3333 nummos
1811 3280 2129 3353 pateretur,
2159 3292 2304 3351 quos
2329 3274 2478 3331 inre
2503 3275 2800 3335 communi

900 3371 1013 3428 sibi
1039 3389 1275 3449 quoque
1302 3378 1538 3449 putaret
1560 3369 1917 3449 impendere.
2811 3352 2818 3359 ⁸

988 3471 1080 3522 14.
1126 3473 1143 3499 ⁴
1172 3464 1267 3525 At
1304 3464 1365 3521 in
1406 3482 1600 3540 reg-no.
1626 3483 1791 3523 rarus
1831 3472 2158 3523 ostentator.
2186 3482 2364 3543 opum
2405 3473 2515 3545 est,
2551 3484 2800 3543 quarum

902 3558 1301 3636 magnitudine
1335 3558 1625 3619 stimulari
1667 3579 1838 3638 posse
1871 3560 2180 3619 avaritiam
2216 3560 2576 3639 potentioris,
2595 3562 2802 3627 existi,-

904 3663 1057 3714 met:
1102 3654 1394 3715 necferre
1428 3654 1579 3713 tales
1613 3653 1920 3732 largitores
1955 3654 2207 3733 principi
2239 3653 2627 3726 facileforet,
2653 3676 2806 3735 quos

902 3751 1127 3815 favore,
1143 3749 1361 3831 populi·
1378 3750 1646 3811 crederet
1670 3751 1747 3810 ad
1771 3772 1863 3811 res
1887 3750 2189 3810 novandas
2213 3750 2466 3811 incitari.
2549 3751 2803 3812 Tributa

903 3868 1043 3907 vero
1062 3848 1293 3926 quoties
1314 3846 1669 3916 indicuntur,
1691 3847 1934 3925 publica
1949 3845 2134 3905 ferme
2155 3846 2400 3924 querela
2415 3829 2530 3905 est:
2566 3866 2802 3926 aequum

904 3944 1057 4003 enim
1100 3952 1308 4022 putant
1340 3943 1460 4002 suis
1492 3962 1630 4025 eum
1660 3941 2046 4003 facultatibus
2083 3941 2350 4007 tolerare,
2369 3950 2594 4001 sumtus
2625 3962 2802 4021 quos-

906 4039 1071 4108 libet,
1112 4040 1189 4098 ad
1234 4060 1411 4117 quem
1454 4059 1532 4098 ex
1572 4048 1702 4099 toto
1740 4038 1983 4118 imperio
2024 4038 2260 4103 fructus,
2289 4038 2480 4121 omais
2519 4040 2800 4117 pervenit.

908 4134 1277 4213 Addequod
1306 4136 1497 4215 iniqui
1524 4136 1866 4216 plerumque
1893 4143 2282 4219 acceptorum
2296 4154 2800 4215 expensor-umque

908 4238 1215 4313 putatores.
1236 4241 1389 4291 sunt.
1472 4232 1738 4293 Redims
1763 4232 1918 4293 enim
1954 4230 2136 4292 ferme
2171 4239 2392 4297 norunt,
2405 4239 2468 4291 et
2490 4229 2804 4309 diligenter
