3159 4959
566 402 743 473 6768
1031 422 1234 471 unni
1284 418 1636 469 cxxxm.
1683 418 2330 469 susannam-nu.

569 576 687 626 Dio.
896 564 1227 623 sestertium
1263 562 1535 623 contulit.
1624 560 1784 623 Haec
1819 562 2020 621 omnia
2043 578 2120 621 ex
2142 560 2432 619 thesauris
2452 559 2796 640 Cleopatra

603 670 735 723 Ptin.
758 686 837 722 xx.
894 660 1187 729 desumta‚
1214 663 1388 739 cujus
1426 659 1611 719 etiam
1653 658 1806 719 alter
1841 658 2003 728 unio,
2032 658 2134 717 vix
2163 655 2514 716 luxuriantis
2539 656 2798 717 foemiuae

570 741 654 787 ⁸⁵·
894 756 1163 817 faucibus
1180 766 1433 836 ereptus,
1464 764 1701 837 propter
1724 754 2186 832 magnitudinem
2212 752 2522 822 dissectus,
2539 774 2612 812 ex
2637 763 2800 813 utra·

896 874 1015 933 que
1060 874 1199 912 anre
1238 853 1513 923 Veneris,
1556 872 1692 931 quae
1734 852 1792 911 iu
1839 852 2120 911 Pantheo
2159 850 2438 929 deinceps
2481 849 2644 909 culta
2681 858 2798 921 est,

606 1055 705 1103 Dio
726 1064 779 1104 et
899 949 1405 1105 Pegesslidgeterum
1436 1045 1497 1103 in
1524 1044 1860 1106 dedicando
1879 1043 2030 1103 Julii
2060 1043 2282 1123 templo
2309 1043 2434 1103 ludi
2453 1042 2600 1103 varii
2621 1062 2800 1120 geue-

570 1120 810 1249 {fffg'h-
898 1144 977 1201 ris
1002 1142 1183 1201 editi:
1226 1142 1467 1220 Trojam
1490 1141 1720 1221 patricii
1750 1142 1914 1221 pueri
1934 1140 2230 1199 luserunt:
2268 1141 2380 1200 viri
2397 1160 2582 1219 equos
2600 1138 2800 1201 desul-

899 1239 1079 1297 torios
1102 1238 1383 1317 bigasque
1406 1247 1469 1298 et
1493 1238 1814 1317 quadrigas
1839 1239 2136 1315 agitaruut
2160 1256 2174 1296 :
2217 1247 2280 1297 et
2303 1246 2537 1297 senator
2553 1236 2799 1317 quidam

904 1336 961 1395 in
988 1354 1165 1393 arena
1190 1334 1569 1413 depugnavit.
1653 1333 1920 1393 Venatio
1945 1352 2180 1417 quoque
2221 1334 2462 1411 insignis
2493 1332 2694 1392 edita:
2725 1342 2805 1398 ,et

904 1431 1057 1491 inter
1091 1430 1238 1489 alias
1268 1429 1445 1500 seras,
1473 1430 1806 1489 rhinoceros
1841 1438 1904 1489 et
1940 1429 2394 1508 hippopotamus
2429 1429 2636 1498 occisi,
2663 1448 2800 1507 quas

900 1546 1115 1607 genera
1140 1525 1483 1587 animalium
1508 1545 1809 1605 nunquam
1835 1534 1972 1585 aute
1999 1525 2202 1585 Roma
2225 1524 2502 1586 viderat!
2564 1525 2800 1585 Turmae

898 1644 1133 1702 quoque
1172 1621 1524 1690 saevorum,
1571 1641 1722 1700 quos
1765 1624 1825 1680 in
1869 1621 2164 1699 triumpho
2210 1620 2492 1680 Carrinas
2522 1620 2800 1693 duxerat,

902 1718 1324 1797 Dacorumque
1377 1726 1684 1796 captorum
1717 1716 1980 1777 Actiaco
2029 1716 2211 1786 bello,
2251 1716 2476 1777 infestis
2507 1717 2692 1785 ¹armis
2741 1718 2802 1788 in

897 1814 1263 1894 voluptatem
1290 1814 1529 1873 victoris
1556 1812 1758 1893 populi
1783 1822 2220 1871 concurrerunt.

572 1934 877 1983 minamu-
978 1916 1079 1973 87.
1124 1909 1329 1970 Dacos
1355 1918 1417 1969 et
1442 1908 1638 1969 Getas
1665 1929 1780 1969 uon
1805 1909 2106 1987 sanguinis
2123 1909 2456 1980 diversitas,
2481 1908 2582 1969 sed
2611 1910 2804 1987 regio-

575 1998 693 2113 Dg-
902 2027 1041 2066 uum
1076 2008 1222 2066 situs
1246 2006 1590 2084 distinguit:
1639 2004 1827 2065 Dacis
1861 2004 1939 2065 ad
1979 2004 2326 2065 Danubium
2361 2016 2426 2065 et
2463 2004 2804 2065 Germaniae

576 2080 878 2177 Gog‘Ant.
904 2101 1117 2170 finem:
1164 2100 1341 2161 Getis
1384 2122 1587 2162 versus
1633 2101 1898 2161 Pontum
1949 2109 2011 2160 et
2053 2101 2336 2160 orientem
2375 2101 2802 2161 habitantibus.

582 2197 781 2305 ¹3er⁰
906 2198 1113 2257 Partis
1156 2198 1363 2257 harum
1397 2199 1664 2276 gentium
1709 2217 1812 2256 rex
1851 2196 2063 2257 Cotiso
2105 2217 2220 2257 nou
2263 2197 2582 2258 amicitiam
2627 2197 2804 2257 modo

578 2336 675 2369 vn.
700 2337 750 2384 p.
765 2290 877 2369 ξω,
906 2302 1119 2373 pactus
1144 2314 1281 2355 cum
1310 2294 1569 2363 Coesaoe,
1597 2293 1702 2352 sed
1727 2293 1908 2353 etiam
1935 2295 2228 2371 geminam
2255 2292 2600 2365 affinitatem
2619 2308 2640 2341 f
2673 2294 2804 2353 fue-

609 2386 812 2435 sueton.
903 2400 1016 2461 rat,
1068 2390 1180 2451 sibi
1220 2390 1511 2471 desponsa
1560 2389 1604 2449 J
1610 2389 1750 2460 ulia,
1803 2390 2180 2470 vicissimque
2231 2410 2340 2451 sua
2387 2390 2516 2451 filia
2552 2392 2800 2461 Caesari.

578 2448 714 2563 θὶς
736 2453 820 2499 63.
907 2486 1379 2557 Ceterum,cum,
1392 2486 1598 2546 deludi
1619 2506 1680 2545 se
1697 2496 1904 2566 postea
1921 2488 2197 2556 sentiens,
2219 2486 2441 2566 legatos
2464 2474 2674 2547 frustra
2695 2490 2803 2547 mi-

904 2582 1091 2651 sisset,
1112 2582 1189 2641 ad
1209 2582 1458 2642 Antonii
1479 2592 1672 2662 partae
1691 2581 2060 2661 popularium
2081 2582 2390 2643 inclinavit
2407 2585 2652 2645 animos.
2683 2584 2806 2643 Sed

902 2697 1013 2737 uec
1040 2677 1130 2737 illi
1160 2677 1409 2737 multum
1434 2676 1660 2757 profuit
1691 2679 1932 2737 istarum
1967 2679 2230 2755 gentium
2267 2680 2540 2750 societas,
2577 2690 2640 2741 et
2663 2682 2806 2761 ipsis

904 2772 1311 2834 tantummodo
1362 2792 1602 2833 causam
1657 2771 1918 2832 Romani
1965 2772 2107 2833 belii
2157 2776 2426 2854 praebuit.
2531 2775 2804 2838 Mediam

901 2869 1375 2949 spectaculorum
1404 2869 1760 2929 hilaritatem
1787 2868 2077 2930 delibavit
2105 2873 2314 2949 magis,
2342 2892 2516 2951 quam
2545 2874 2803 2954 abrupit,

905 2967 1165 3027 Caesaris
1189 2965 1499 3045 aegritudo,
1528 2986 1634 3046 per
1654 2986 1832 3045 quam
1867 2966 2268 3039 nihilomiuus,
2309 2990 2382 3028 eo
2395 2969 2671 3047 jubente,
2699 2992 2804 3031 cu-

902 3065 1015 3123 rati
1046 3064 1125 3123 ab
1152 3063 1284 3123 aliis
1311 3064 1435 3123 ludi
1463 3072 1635 3124 suut:
1681 3064 1944 3141 interque
1983 3064 2048 3123 id
2082 3075 2314 3145 tempus
2349 3076 2646 3126 senatores
2683 3086 2806 3146 prae

610 3166 717 3215 Liv.
740 3180 824 3216 m.
900 3162 1021 3223 suis
1072 3162 1321 3240 quisque
1364 3160 1590 3220 foribus
1625 3160 1682 3219 in
1724 3159 2036 3239 propatulo
2076 3162 2302 3241 epulati
2343 3172 2511 3222 sunt:
2553 3172 2618 3223 nt
2655 3162 2806 3222 alias

578 3236 661 3281 ²⁹·
690 3242 841 3283 '‘¹¹¹''
902 3278 1161 3338 quoque,
1184 3256 1622 3317 invitandorum
1649 3256 2125 3336 praetereuntium
2149 3277 2352 3331 causa,
2380 3258 2716 3319 factitatum
2743 3260 2806 3319 in

581 3298 664 3411 ig.
684 3310 822 3410 {2⁷
902 3353 1146 3433 publica
1180 3353 1388 3413 laetitia
1421 3353 1632 3413 fuerat.

968 3542 992 3567 θ
1030 3534 1153 3589 Qua
1181 3549 1359 3597 genem
1392 3536 1668 3586 animalium
1698 3552 1819 3587 πεοι-
1959 3536 1978 3572 ¹
2001 3537 2252 3587 Geminam
2271 3538 2574 3605 affinitatem]
2613 3538 2676 3588 Id
2701 3552 2805 3589 non

902 3613 1042 3662 quum
1061 3604 1173 3648 ante
1198 3600 1349 3647 Roma
1374 3601 1579 3664 viderat]
1621 3602 1819 3665 Hippo·
1891 3616 1986 3666 pro
2032 3612 2182 3651 certo
2229 3602 2452 3651 affirmat
2506 3604 2806 3667 Suetonius,

904 3664 1473 3726 potsmumRomaejsm
1487 3676 1640 3714 autea
1655 3668 1820 3716 vimm
1890 3668 1982 3716 sed
2027 3668 2090 3715 sb
2123 3666 2353 3717 Antonio
2387 3666 2652 3730 objectum
2687 3682 2806 3719 esse

902 3726 1066 3777 fnisse
1091 3727 1225 3777 ludis
1242 3728 1315 3778 Μ.
1336 3730 1517 3778 Scauri
1538 3732 1718 3793 edilis,
1741 3747 1816 3781 re·
1892 3731 2106 3781 emavi.
2176 3732 2294 3781 Nec
2328 3746 2452 3781 saue
2485 3733 2598 3796 ipsa
2621 3747 2701 3782 res
2723 3742 2808 3784 est

905 3793 1299 3909 tnlzexcPliuio
1321 3794 1693 3846 Freinshemius
1711 3809 1821 3847 civ.
1895 3796 2205 3849 verisimilis.
2241 3799 2386 3849 Creo.

904 3872 952 3907 c.
1044 3892 1059 3906 .
1140 3872 1241 3910 ren.
