<?xml version="1.0" encoding="UTF-8"?>
<!DOCTYPE html PUBLIC "-//W3C//DTD XHTML 1.0 Transitional//EN"
    "http://www.w3.org/TR/xhtml1/DTD/xhtml1-transitional.dtd">
<html xmlns="http://www.w3.org/1999/xhtml" xml:lang="en" lang="en">
 <head>
  <title>
</title>
<meta http-equiv="Content-Type" content="text/html;charset=utf-8" />
  <meta name='ocr-system' content='tesseract 3.04.00' />
  <meta name='ocr-capabilities' content='ocr_page ocr_carea ocr_par ocr_line ocrx_word'/>
</head>
<body>
  <div class='ocr_page' id='page_1' title='image "./tliviipatavinih09livygoog_0091.png"; bbox 0 0 3159 4959; ppageno 0'>
   <div class='ocr_carea' id='block_1_1' title="bbox 865 440 2567 507">
    <p class='ocr_par' dir='ltr' id='par_1_1' title="bbox 865 440 2567 507">
     <span class='ocr_line' id='line_1_1' title="bbox 865 440 2567 507; baseline 0.006 -11"><span class='ocrx_word' id='word_1_1' title='bbox 865 448 1066 497; x_wconf 75' lang='lat' dir='ltr'>mam</span> <span class='ocrx_word' id='word_1_2' title='bbox 1117 448 1362 499; x_wconf 75' lang='lat' dir='ltr'>cxxv,</span> <span class='ocrx_word' id='word_1_3' title='bbox 1406 448 2052 503; x_wconf 59' lang='lat' dir='ltr'>scertamen-rum.</span> <span class='ocrx_word' id='word_1_4' title='bbox 2392 440 2567 507; x_wconf 78' lang='lat'><strong>5563</strong></span> 
     </span>
    </p>
   </div>
   <div class='ocr_carea' id='block_1_2' title="bbox 339 591 2585 4319">
    <p class='ocr_par' dir='ltr' id='par_1_2' title="bbox 340 591 2517 1632">
     <span class='ocr_line' id='line_1_2' title="bbox 350 591 2241 677; baseline 0.004 -26"><span class='ocrx_word' id='word_1_5' title='bbox 350 591 540 662; x_wconf 87' lang='lat' dir='ltr'>Lucii,</span> <span class='ocrx_word' id='word_1_6' title='bbox 565 591 810 651; x_wconf 86' lang='lat' dir='ltr'>tribunis</span> <span class='ocrx_word' id='word_1_7' title='bbox 833 591 1116 671; x_wconf 84' lang='lat' dir='ltr'>expulsis,</span> <span class='ocrx_word' id='word_1_8' title='bbox 1143 593 1673 655; x_wconf 83' lang='lat' dir='ltr'>tumultuabantur.</span> <span class='ocrx_word' id='word_1_9' title='bbox 1738 594 1861 655; x_wconf 89' lang='lat' dir='ltr'>Sed</span> <span class='ocrx_word' id='word_1_10' title='bbox 1884 597 1987 655; x_wconf 89' lang='lat' dir='ltr'>ubi</span> <span class='ocrx_word' id='word_1_11' title='bbox 2006 616 2069 657; x_wconf 86' lang='lat' dir='ltr'>se</span> <span class='ocrx_word' id='word_1_12' title='bbox 2090 617 2241 677; x_wconf 65' lang='lat' dir='ltr'>prae-</span> 
     </span>
     <span class='ocr_line' id='line_1_3' title="bbox 347 688 2241 774; baseline 0.004 -28"><span class='ocrx_word' id='word_1_13' title='bbox 347 698 581 747; x_wconf 79' lang='lat' dir='ltr'>ventum</span> <span class='ocrx_word' id='word_1_14' title='bbox 617 708 654 747; x_wconf 96' lang='lat' dir='ltr'>a</span> <span class='ocrx_word' id='word_1_15' title='bbox 691 688 898 758; x_wconf 86' lang='lat' dir='ltr'>Lucio,</span> <span class='ocrx_word' id='word_1_16' title='bbox 927 688 1260 769; x_wconf 83' lang='lat' dir='ltr'>militesque</span> <span class='ocrx_word' id='word_1_17' title='bbox 1300 690 1472 752; x_wconf 85' lang='lat' dir='ltr'>donis</span> <span class='ocrx_word' id='word_1_18' title='bbox 1505 700 1687 772; x_wconf 89' lang='lat' dir='ltr'>atque</span> <span class='ocrx_word' id='word_1_19' title='bbox 1722 694 2015 773; x_wconf 84' lang='lat' dir='ltr'>promissis</span> <span class='ocrx_word' id='word_1_20' title='bbox 2038 693 2241 774; x_wconf 83' lang='lat' dir='ltr'>placa-</span> 
     </span>
     <span class='ocr_line' id='line_1_4' title="bbox 349 784 2383 871; baseline 0.001 -28"><span class='ocrx_word' id='word_1_21' title='bbox 349 792 438 843; x_wconf 87' lang='lat' dir='ltr'>tos</span> <span class='ocrx_word' id='word_1_22' title='bbox 472 784 735 863; x_wconf 81' lang='lat' dir='ltr'>accepit:</span> <span class='ocrx_word' id='word_1_23' title='bbox 786 786 846 843; x_wconf 90' lang='lat' dir='ltr'>in</span> <span class='ocrx_word' id='word_1_24' title='bbox 886 784 1140 845; x_wconf 85' lang='lat' dir='ltr'>Sabinos</span> <span class='ocrx_word' id='word_1_25' title='bbox 1174 786 1490 865; x_wconf 83' lang='lat' dir='ltr'>profectus,</span> <span class='ocrx_word' id='word_1_26' title='bbox 1517 788 1871 869; x_wconf 70' lang='lat' dir='ltr'>pmidium,</span> <span class='ocrx_word' id='word_1_27' title='bbox 1898 789 2059 868; x_wconf 87' lang='lat' dir='ltr'>qnod</span> <span class='ocrx_word' id='word_1_28' title='bbox 2085 790 2243 871; x_wconf 85' lang='lat' dir='ltr'>apud</span> <span class='ocrx_word' id='word_1_29' title='bbox 2268 794 2383 847; x_wconf 80' lang='lat' dir='ltr'>Dio.</span> 
     </span>
     <span class='ocr_line' id='line_1_5' title="bbox 349 878 2243 967; baseline 0.004 -28"><span class='ocrx_word' id='word_1_30' title='bbox 349 878 416 939; x_wconf 86' lang='lat' dir='ltr'>N</span> <span class='ocrx_word' id='word_1_31' title='bbox 419 882 632 939; x_wconf 84' lang='lat' dir='ltr'>ursiam</span> <span class='ocrx_word' id='word_1_32' title='bbox 679 879 1008 940; x_wconf 87' lang='lat' dir='ltr'>Antoniani</span> <span class='ocrx_word' id='word_1_33' title='bbox 1055 882 1514 955; x_wconf 81' lang='lat' dir='ltr'>collocaverant,</span> <span class='ocrx_word' id='word_1_34' title='bbox 1551 884 1773 964; x_wconf 85' lang='lat' dir='ltr'>dejecit</span> <span class='ocrx_word' id='word_1_35' title='bbox 1810 885 1973 955; x_wconf 86' lang='lat' dir='ltr'>loco;</span> <span class='ocrx_word' id='word_1_36' title='bbox 2024 907 2097 946; x_wconf 89' lang='lat' dir='ltr'>ne</span> <span class='ocrx_word' id='word_1_37' title='bbox 2138 906 2243 967; x_wconf 82' lang='lat' dir='ltr'>op-</span> 
     </span>
     <span class='ocr_line' id='line_1_6' title="bbox 343 978 2247 1061; baseline 0.004 -26"><span class='ocrx_word' id='word_1_38' title='bbox 343 978 484 1056; x_wconf 87' lang='lat' dir='ltr'>pido</span> <span class='ocrx_word' id='word_1_39' title='bbox 534 978 844 1057; x_wconf 83' lang='lat' dir='ltr'>potiretur,</span> <span class='ocrx_word' id='word_1_40' title='bbox 888 978 1114 1039; x_wconf 85' lang='lat' dir='ltr'>Tisieni</span> <span class='ocrx_word' id='word_1_41' title='bbox 1169 979 1340 1039; x_wconf 87' lang='lat' dir='ltr'>Galli</span> <span class='ocrx_word' id='word_1_42' title='bbox 1379 980 1599 1041; x_wconf 81' lang='lat' dir='ltr'>virtute</span> <span class='ocrx_word' id='word_1_43' title='bbox 1639 980 1939 1061; x_wconf 86' lang='lat' dir='ltr'>depulsus,</span> <span class='ocrx_word' id='word_1_44' title='bbox 1985 990 2047 1043; x_wconf 91' lang='lat' dir='ltr'>et</span> <span class='ocrx_word' id='word_1_45' title='bbox 2084 982 2247 1043; x_wconf 86' lang='lat' dir='ltr'>fama</span> 
     </span>
     <span class='ocr_line' id='line_1_7' title="bbox 340 1074 2517 1159; baseline 0.005 -27"><span class='ocrx_word' id='word_1_46' title='bbox 340 1074 632 1133; x_wconf 82' lang='lat' dir='ltr'>venientis</span> <span class='ocrx_word' id='word_1_47' title='bbox 657 1095 792 1134; x_wconf 88' lang='lat' dir='ltr'>cum</span> <span class='ocrx_word' id='word_1_48' title='bbox 818 1076 1088 1135; x_wconf 83' lang='lat' dir='ltr'>exercitu</span> <span class='ocrx_word' id='word_1_49' title='bbox 1114 1075 1190 1135; x_wconf 81' lang='lat' dir='ltr'>C.</span> <span class='ocrx_word' id='word_1_50' title='bbox 1223 1076 1449 1136; x_wconf 86' lang='lat' dir='ltr'>Furnii.</span> <span class='ocrx_word' id='word_1_51' title='bbox 1521 1076 1631 1137; x_wconf 84' lang='lat' dir='ltr'>Ad</span> <span class='ocrx_word' id='word_1_52' title='bbox 1654 1077 1811 1137; x_wconf 86' lang='lat' dir='ltr'>hunc</span> <span class='ocrx_word' id='word_1_53' title='bbox 1834 1078 2246 1159; x_wconf 83' lang='lat' dir='ltr'>excipiendum</span> <span class='ocrx_word' id='word_1_54' title='bbox 2300 1093 2345 1140; x_wconf 80' lang='lat' dir='ltr'>A</span> <span class='ocrx_word' id='word_1_55' title='bbox 2384 1093 2517 1157; x_wconf 69' lang='lat' dir='ltr'>pitu.</span> 
     </span>
     <span class='ocr_line' id='line_1_8' title="bbox 340 1160 2453 1252; baseline 0.003 -24"><span class='ocrx_word' id='word_1_56' title='bbox 340 1168 640 1248; x_wconf 83' lang='lat' dir='ltr'>profectus</span> <span class='ocrx_word' id='word_1_57' title='bbox 673 1171 734 1229; x_wconf 88' lang='lat' dir='ltr'>in</span> <span class='ocrx_word' id='word_1_58' title='bbox 778 1170 1119 1241; x_wconf 77' lang='lat' dir='ltr'><strong>Umbriam,</strong></span> <span class='ocrx_word' id='word_1_59' title='bbox 1161 1180 1635 1251; x_wconf 85' lang='lat' dir='ltr'>postremumque</span> <span class='ocrx_word' id='word_1_60' title='bbox 1676 1192 1981 1251; x_wconf 80' lang='lat' dir='ltr'>aggressus</span> <span class='ocrx_word' id='word_1_61' title='bbox 2014 1192 2245 1252; x_wconf 85' lang='lat' dir='ltr'>agmen,</span> <span class='ocrx_word' id='word_1_62' title='bbox 2270 1164 2322 1205; x_wconf 74' lang='lat'>‘³‘</span> <span class='ocrx_word' id='word_1_63' title='bbox 2392 1160 2453 1209; x_wconf 71' lang='lat'>³⁰·</span> 
     </span>
     <span class='ocr_line' id='line_1_9' title="bbox 346 1264 2249 1347; baseline 0.004 -24"><span class='ocrx_word' id='word_1_64' title='bbox 346 1264 632 1325; x_wconf 84' lang='lat' dir='ltr'>Furnium</span> <span class='ocrx_word' id='word_1_65' title='bbox 660 1266 719 1324; x_wconf 92' lang='lat' dir='ltr'>in</span> <span class='ocrx_word' id='word_1_66' title='bbox 747 1266 1034 1325; x_wconf 86' lang='lat' dir='ltr'>tumulum</span> <span class='ocrx_word' id='word_1_67' title='bbox 1063 1266 1384 1345; x_wconf 78' lang='lat' dir='ltr'><strong>quendam,</strong></span> <span class='ocrx_word' id='word_1_68' title='bbox 1405 1276 1585 1347; x_wconf 87' lang='lat' dir='ltr'>atque</span> <span class='ocrx_word' id='word_1_69' title='bbox 1612 1267 1751 1327; x_wconf 90' lang='lat' dir='ltr'>inde</span> <span class='ocrx_word' id='word_1_70' title='bbox 1780 1278 1957 1327; x_wconf 87' lang='lat' dir='ltr'>noctu</span> <span class='ocrx_word' id='word_1_71' title='bbox 1982 1267 2249 1330; x_wconf 86' lang='lat' dir='ltr'>Sentiam</span> 
     </span>
     <span class='ocr_line' id='line_1_10' title="bbox 341 1359 2246 1447; baseline 0.002 -26"><span class='ocrx_word' id='word_1_72' title='bbox 341 1359 658 1439; x_wconf 77' lang='lat' dir='ltr'>profugere</span> <span class='ocrx_word' id='word_1_73' title='bbox 691 1360 922 1439; x_wconf 71' lang='lat' dir='ltr'>coegit:</span> <span class='ocrx_word' id='word_1_74' title='bbox 972 1381 1084 1422; x_wconf 64' lang='lat' dir='ltr'>‚nec</span> <span class='ocrx_word' id='word_1_75' title='bbox 1120 1362 1321 1447; x_wconf 79' lang='lat' dir='ltr'>statim</span> <span class='ocrx_word' id='word_1_76' title='bbox 1357 1363 1653 1423; x_wconf 84' lang='lat' dir='ltr'>insecutus</span> <span class='ocrx_word' id='word_1_77' title='bbox 1686 1362 2023 1423; x_wconf 87' lang='lat' dir='ltr'>insidiarum</span> <span class='ocrx_word' id='word_1_78' title='bbox 2064 1374 2246 1436; x_wconf 88' lang='lat' dir='ltr'>metu,</span> 
     </span>
     <span class='ocr_line' id='line_1_11' title="bbox 343 1454 2249 1539; baseline 0.006 -27"><span class='ocrx_word' id='word_1_79' title='bbox 343 1464 660 1535; x_wconf 82' lang='lat' dir='ltr'>postquam</span> <span class='ocrx_word' id='word_1_80' title='bbox 700 1454 906 1515; x_wconf 83' lang='lat' dir='ltr'>illuxit</span> <span class='ocrx_word' id='word_1_81' title='bbox 944 1455 1218 1517; x_wconf 85' lang='lat' dir='ltr'>adductis</span> <span class='ocrx_word' id='word_1_82' title='bbox 1257 1458 1468 1538; x_wconf 84' lang='lat' dir='ltr'>copiis,</span> <span class='ocrx_word' id='word_1_83' title='bbox 1507 1468 1572 1519; x_wconf 90' lang='lat' dir='ltr'>et</span> <span class='ocrx_word' id='word_1_84' title='bbox 1612 1458 1923 1539; x_wconf 79' lang='lat' dir='ltr'>oppidum,</span> <span class='ocrx_word' id='word_1_85' title='bbox 1952 1470 2017 1521; x_wconf 89' lang='lat' dir='ltr'>et</span> <span class='ocrx_word' id='word_1_86' title='bbox 2054 1470 2249 1523; x_wconf 71' lang='lat' dir='ltr'>casu-a</span> 
     </span>
     <span class='ocr_line' id='line_1_12' title="bbox 343 1548 1445 1632; baseline 0.003 -24"><span class='ocrx_word' id='word_1_87' title='bbox 343 1548 556 1610; x_wconf 87' lang='lat' dir='ltr'>Furnii</span> <span class='ocrx_word' id='word_1_88' title='bbox 591 1551 812 1632; x_wconf 86' lang='lat' dir='ltr'>oppido</span> <span class='ocrx_word' id='word_1_89' title='bbox 846 1553 1166 1630; x_wconf 86' lang='lat' dir='ltr'>conjuncta</span> <span class='ocrx_word' id='word_1_90' title='bbox 1197 1551 1445 1613; x_wconf 79' lang='lat' dir='ltr'><strong>obsedit.</strong></span> 
     </span>
    </p>

    <p class='ocr_par' dir='ltr' id='par_1_3' title="bbox 339 1644 2585 4319">
     <span class='ocr_line' id='line_1_13' title="bbox 422 1644 2485 1733; baseline 0.003 -26"><span class='ocrx_word' id='word_1_91' title='bbox 422 1652 526 1707; x_wconf 80' lang='lat'>29.</span> <span class='ocrx_word' id='word_1_92' title='bbox 573 1644 745 1707; x_wconf 90' lang='lat' dir='ltr'>Inter</span> <span class='ocrx_word' id='word_1_93' title='bbox 787 1648 916 1707; x_wconf 61' lang='lat' dir='ltr'>haic</span> <span class='ocrx_word' id='word_1_94' title='bbox 967 1647 1206 1719; x_wconf 85' lang='lat' dir='ltr'>Lucius,</span> <span class='ocrx_word' id='word_1_95' title='bbox 1257 1668 1322 1707; x_wconf 88' lang='lat' dir='ltr'>re</span> <span class='ocrx_word' id='word_1_96' title='bbox 1367 1668 1504 1708; x_wconf 87' lang='lat' dir='ltr'>cum</span> <span class='ocrx_word' id='word_1_97' title='bbox 1555 1647 1851 1709; x_wconf 80' lang='lat' dir='ltr'>nobilibus</span> <span class='ocrx_word' id='word_1_98' title='bbox 1898 1653 2247 1732; x_wconf 84' lang='lat' dir='ltr'>composita,</span> <span class='ocrx_word' id='word_1_99' title='bbox 2274 1667 2485 1733; x_wconf 76' lang='lat' dir='ltr'>Appium.</span> 
     </span>
     <span class='ocr_line' id='line_1_14' title="bbox 342 1742 2247 1823; baseline 0.004 -22"><span class='ocrx_word' id='word_1_100' title='bbox 342 1762 591 1821; x_wconf 87' lang='lat' dir='ltr'>quorum</span> <span class='ocrx_word' id='word_1_101' title='bbox 618 1761 834 1821; x_wconf 84' lang='lat' dir='ltr'>magna</span> <span class='ocrx_word' id='word_1_102' title='bbox 867 1742 1184 1804; x_wconf 88' lang='lat' dir='ltr'>multitudo</span> <span class='ocrx_word' id='word_1_103' title='bbox 1225 1743 1302 1805; x_wconf 81' lang='lat' dir='ltr'>ad</span> <span class='ocrx_word' id='word_1_104' title='bbox 1345 1752 1542 1823; x_wconf 87' lang='lat' dir='ltr'>partes</span> <span class='ocrx_word' id='word_1_105' title='bbox 1573 1746 1707 1823; x_wconf 87' lang='lat' dir='ltr'>ejus</span> <span class='ocrx_word' id='word_1_106' title='bbox 1740 1766 1803 1805; x_wconf 82' lang='lat' dir='ltr'>se</span> <span class='ocrx_word' id='word_1_107' title='bbox 1845 1748 2247 1819; x_wconf 74' lang='lat' dir='ltr'><strong>transtulerat,</strong></span> 
     </span>
     <span class='ocr_line' id='line_1_15' title="bbox 341 1840 2249 1925; baseline 0.003 -27"><span class='ocrx_word' id='word_1_108' title='bbox 341 1840 530 1899; x_wconf 87' lang='lat' dir='ltr'>tribus</span> <span class='ocrx_word' id='word_1_109' title='bbox 577 1840 906 1917; x_wconf 77' lang='lat' dir='ltr'>agminibus</span> <span class='ocrx_word' id='word_1_110' title='bbox 949 1840 1166 1901; x_wconf 84' lang='lat' dir='ltr'>milites</span> <span class='ocrx_word' id='word_1_111' title='bbox 1207 1849 1386 1901; x_wconf 91' lang='lat' dir='ltr'>noctu</span> <span class='ocrx_word' id='word_1_112' title='bbox 1433 1840 1695 1901; x_wconf 86' lang='lat' dir='ltr'>Romam</span> <span class='ocrx_word' id='word_1_113' title='bbox 1736 1842 2077 1921; x_wconf 77' lang='lat' dir='ltr'>praemittit:</span> <span class='ocrx_word' id='word_1_114' title='bbox 2122 1846 2249 1925; x_wconf 78' lang='lat' dir='ltr'>ipse</span> 
     </span>
     <span class='ocr_line' id='line_1_16' title="bbox 342 1936 2249 2018; baseline 0.003 -24"><span class='ocrx_word' id='word_1_115' title='bbox 342 1955 480 1995; x_wconf 88' lang='lat' dir='ltr'>cum</span> <span class='ocrx_word' id='word_1_116' title='bbox 511 1938 718 1996; x_wconf 81' lang='lat' dir='ltr'>robore</span> <span class='ocrx_word' id='word_1_117' title='bbox 759 1938 1090 2017; x_wconf 87' lang='lat' dir='ltr'>copiarum,</span> <span class='ocrx_word' id='word_1_118' title='bbox 1125 1936 1693 2017; x_wconf 69' lang='lat' dir='ltr'>gladiatoribusque,</span> <span class='ocrx_word' id='word_1_119' title='bbox 1726 1946 1791 1997; x_wconf 89' lang='lat' dir='ltr'>et</span> <span class='ocrx_word' id='word_1_120' title='bbox 1812 1940 2085 2018; x_wconf 87' lang='lat' dir='ltr'>equitatu</span> <span class='ocrx_word' id='word_1_121' title='bbox 2110 1942 2249 1999; x_wconf 86' lang='lat' dir='ltr'>sub-</span> 
     </span>
     <span class='ocr_line' id='line_1_17' title="bbox 343 2031 2321 2114; baseline 0.003 -24"><span class='ocrx_word' id='word_1_122' title='bbox 343 2031 626 2112; x_wconf 83' lang='lat' dir='ltr'>sequitur.</span> <span class='ocrx_word' id='word_1_123' title='bbox 711 2033 962 2095; x_wconf 81' lang='lat' dir='ltr'>Excivit</span> <span class='ocrx_word' id='word_1_124' title='bbox 1002 2034 1054 2093; x_wconf 82' lang='lat' dir='ltr'>is</span> <span class='ocrx_word' id='word_1_125' title='bbox 1093 2044 1282 2094; x_wconf 83' lang='lat' dir='ltr'>terror</span> <span class='ocrx_word' id='word_1_126' title='bbox 1324 2033 1639 2114; x_wconf 83' lang='lat' dir='ltr'>Lepidum,</span> <span class='ocrx_word' id='word_1_127' title='bbox 1684 2044 1755 2093; x_wconf 89' lang='lat' dir='ltr'>ut</span> <span class='ocrx_word' id='word_1_128' title='bbox 1800 2054 1935 2094; x_wconf 85' lang='lat' dir='ltr'>cum</span> <span class='ocrx_word' id='word_1_129' title='bbox 1986 2037 2249 2096; x_wconf 87' lang='lat' dir='ltr'>exercitu</span> <span class='ocrx_word' id='word_1_130' title='bbox 2310 2055 2321 2071; x_wconf 85' lang='lat'><strong>·</strong></span> 
     </span>
     <span class='ocr_line' id='line_1_18' title="bbox 342 2128 2573 2211; baseline -0 -22"><span class='ocrx_word' id='word_1_131' title='bbox 342 2130 586 2191; x_wconf 81' lang='lat' dir='ltr'>obviam</span> <span class='ocrx_word' id='word_1_132' title='bbox 613 2132 745 2190; x_wconf 88' lang='lat' dir='ltr'>iret.</span> <span class='ocrx_word' id='word_1_133' title='bbox 829 2128 954 2190; x_wconf 89' lang='lat' dir='ltr'>Sed</span> <span class='ocrx_word' id='word_1_134' title='bbox 991 2131 1094 2189; x_wconf 92' lang='lat' dir='ltr'>ubi</span> <span class='ocrx_word' id='word_1_135' title='bbox 1130 2129 1294 2189; x_wconf 86' lang='lat' dir='ltr'>fusus</span> <span class='ocrx_word' id='word_1_136' title='bbox 1329 2138 1419 2189; x_wconf 82' lang='lat' dir='ltr'>est</span> <span class='ocrx_word' id='word_1_137' title='bbox 1455 2130 1777 2209; x_wconf 81' lang='lat' dir='ltr'>equitatus,</span> <span class='ocrx_word' id='word_1_138' title='bbox 1802 2131 1905 2209; x_wconf 89' lang='lat' dir='ltr'>qui</span> <span class='ocrx_word' id='word_1_139' title='bbox 1936 2151 2251 2211; x_wconf 80' lang='lat' dir='ltr'>praecurre-</span> <span class='ocrx_word' id='word_1_140' title='bbox 2298 2138 2413 2187; x_wconf 78' lang='lat' dir='ltr'>Liv.</span> <span class='ocrx_word' id='word_1_141' title='bbox 2443 2138 2573 2203; x_wconf 73' lang='lat' dir='ltr'>Epit.</span> 
     </span>
     <span class='ocr_line' id='line_1_19' title="bbox 342 2200 2585 2306; baseline -0 -21"><span class='ocrx_word' id='word_1_142' title='bbox 342 2236 461 2298; x_wconf 91' lang='lat' dir='ltr'>rat,</span> <span class='ocrx_word' id='word_1_143' title='bbox 492 2225 758 2306; x_wconf 81' lang='lat' dir='ltr'>Lepidus</span> <span class='ocrx_word' id='word_1_144' title='bbox 781 2245 921 2285; x_wconf 90' lang='lat' dir='ltr'>cum</span> <span class='ocrx_word' id='word_1_145' title='bbox 945 2224 1276 2303; x_wconf 80' lang='lat' dir='ltr'>legionibus</span> <span class='ocrx_word' id='word_1_146' title='bbox 1301 2226 1456 2284; x_wconf 85' lang='lat' dir='ltr'>intra</span> <span class='ocrx_word' id='word_1_147' title='bbox 1471 2225 1689 2283; x_wconf 84' lang='lat' dir='ltr'>moenia</span> <span class='ocrx_word' id='word_1_148' title='bbox 1712 2246 1777 2284; x_wconf 87' lang='lat' dir='ltr'>se</span> <span class='ocrx_word' id='word_1_149' title='bbox 1796 2227 2036 2305; x_wconf 86' lang='lat' dir='ltr'>recepit.</span> <span class='ocrx_word' id='word_1_150' title='bbox 2118 2226 2253 2284; x_wconf 86' lang='lat' dir='ltr'>An·</span> <span class='ocrx_word' id='word_1_151' title='bbox 2276 2210 2329 2250; x_wconf 71' lang='lat'>⁶¹²</span> <span class='ocrx_word' id='word_1_152' title='bbox 2349 2200 2467 2253; x_wconf 60' lang='lat'>⁰⁵⁰·</span> <span class='ocrx_word' id='word_1_153' title='bbox 2580 2232 2585 2238; x_wconf 82' lang='grc'><strong>”</strong></span> 
     </span>
     <span class='ocr_line' id='line_1_20' title="bbox 339 2318 2493 2404; baseline -0 -22"><span class='ocrx_word' id='word_1_154' title='bbox 339 2322 511 2382; x_wconf 88' lang='lat' dir='ltr'>tonio</span> <span class='ocrx_word' id='word_1_155' title='bbox 538 2320 782 2381; x_wconf 86' lang='lat' dir='ltr'>Nonius</span> <span class='ocrx_word' id='word_1_156' title='bbox 807 2318 886 2379; x_wconf 89' lang='lat' dir='ltr'>ad</span> <span class='ocrx_word' id='word_1_157' title='bbox 912 2319 1238 2379; x_wconf 75' lang='lat' dir='ltr'>custodiam</span> <span class='ocrx_word' id='word_1_158' title='bbox 1278 2328 1462 2399; x_wconf 63' lang='lat' dir='ltr'>portat</span> <span class='ocrx_word' id='word_1_159' title='bbox 1503 2318 1749 2379; x_wconf 85' lang='lat' dir='ltr'>relictus</span> <span class='ocrx_word' id='word_1_160' title='bbox 1788 2320 2013 2379; x_wconf 86' lang='lat' dir='ltr'>aditum</span> <span class='ocrx_word' id='word_1_161' title='bbox 2048 2320 2251 2391; x_wconf 63' lang='lat' dir='ltr'>dadin</span> <span class='ocrx_word' id='word_1_162' title='bbox 2280 2339 2493 2404; x_wconf 70' lang='lat' dir='ltr'>Appiam.</span> 
     </span>
     <span class='ocr_line' id='line_1_21' title="bbox 339 2414 2255 2499; baseline -0.002 -20"><span class='ocrx_word' id='word_1_163' title='bbox 339 2437 556 2499; x_wconf 88' lang='lat' dir='ltr'>seque,</span> <span class='ocrx_word' id='word_1_164' title='bbox 580 2425 646 2475; x_wconf 91' lang='lat' dir='ltr'>et</span> <span class='ocrx_word' id='word_1_165' title='bbox 667 2436 817 2494; x_wconf 86' lang='lat' dir='ltr'>quos</span> <span class='ocrx_word' id='word_1_166' title='bbox 844 2435 1044 2475; x_wconf 87' lang='lat' dir='ltr'>secum</span> <span class='ocrx_word' id='word_1_167' title='bbox 1069 2416 1336 2475; x_wconf 87' lang='lat' dir='ltr'>habebat</span> <span class='ocrx_word' id='word_1_168' title='bbox 1373 2414 1612 2486; x_wconf 86' lang='lat' dir='ltr'>milites,</span> <span class='ocrx_word' id='word_1_169' title='bbox 1638 2416 1693 2474; x_wconf 89' lang='lat' dir='ltr'>ei</span> <span class='ocrx_word' id='word_1_170' title='bbox 1724 2415 1995 2477; x_wconf 87' lang='lat' dir='ltr'>tradidit.</span> <span class='ocrx_word' id='word_1_171' title='bbox 2078 2417 2255 2498; x_wconf 88' lang='lat' dir='ltr'>Lepi-</span> 
     </span>
     <span class='ocr_line' id='line_1_22' title="bbox 339 2510 2395 2592; baseline 0.001 -19"><span class='ocrx_word' id='word_1_172' title='bbox 339 2512 458 2573; x_wconf 87' lang='lat' dir='ltr'>dus</span> <span class='ocrx_word' id='word_1_173' title='bbox 483 2512 628 2591; x_wconf 79' lang='lat' dir='ltr'>fuga</span> <span class='ocrx_word' id='word_1_174' title='bbox 653 2514 848 2571; x_wconf 80' lang='lat' dir='ltr'>evasit</span> <span class='ocrx_word' id='word_1_175' title='bbox 871 2511 948 2571; x_wconf 87' lang='lat' dir='ltr'>ad</span> <span class='ocrx_word' id='word_1_176' title='bbox 977 2511 1292 2572; x_wconf 70' lang='lat' dir='ltr'>Caesarem.</span> <span class='ocrx_word' id='word_1_177' title='bbox 1378 2510 1599 2591; x_wconf 87' lang='lat' dir='ltr'>Neque</span> <span class='ocrx_word' id='word_1_178' title='bbox 1636 2520 1922 2591; x_wconf 70' lang='lat' dir='ltr'>praeterea</span> <span class='ocrx_word' id='word_1_179' title='bbox 1943 2513 2253 2592; x_wconf 83' lang='lat' dir='ltr'>quisquam</span> <span class='ocrx_word' id='word_1_180' title='bbox 2278 2525 2395 2575; x_wconf 84' lang='lat' dir='ltr'>Dio.</span> 
     </span>
     <span class='ocr_line' id='line_1_23' title="bbox 343 2606 2253 2685; baseline -0.002 -14"><span class='ocrx_word' id='word_1_181' title='bbox 343 2608 684 2679; x_wconf 79' lang='lat' dir='ltr'>resistebat,</span> <span class='ocrx_word' id='word_1_182' title='bbox 711 2608 894 2667; x_wconf 83' lang='lat' dir='ltr'>etiam</span> <span class='ocrx_word' id='word_1_183' title='bbox 925 2606 1004 2666; x_wconf 92' lang='lat' dir='ltr'>P.</span> <span class='ocrx_word' id='word_1_184' title='bbox 1029 2606 1440 2685; x_wconf 86' lang='lat' dir='ltr'>Servilio,.qui</span> <span class='ocrx_word' id='word_1_185' title='bbox 1466 2607 1725 2667; x_wconf 83' lang='lat' dir='ltr'>consulis</span> <span class='ocrx_word' id='word_1_186' title='bbox 1750 2608 1995 2685; x_wconf 79' lang='lat' dir='ltr'>gerebat</span> <span class='ocrx_word' id='word_1_187' title='bbox 2018 2628 2253 2681; x_wconf 88' lang='lat' dir='ltr'>nomen,</span> 
     </span>
     <span class='ocr_line' id='line_1_24' title="bbox 347 2700 2493 2787; baseline 0.002 -23"><span class='ocrx_word' id='word_1_188' title='bbox 347 2704 618 2783; x_wconf 72' lang='lat' dir='ltr'>segniore</span> <span class='ocrx_word' id='word_1_189' title='bbox 645 2703 724 2763; x_wconf 92' lang='lat' dir='ltr'>ad</span> <span class='ocrx_word' id='word_1_190' title='bbox 753 2700 1036 2787; x_wconf 75' lang='lat' dir='ltr'>pericula.</span> <span class='ocrx_word' id='word_1_191' title='bbox 1123 2700 1366 2761; x_wconf 82' lang='lat' dir='ltr'>Idcirco</span> <span class='ocrx_word' id='word_1_192' title='bbox 1393 2701 1634 2772; x_wconf 82' lang='lat' dir='ltr'>Lucius,</span> <span class='ocrx_word' id='word_1_193' title='bbox 1662 2702 1739 2764; x_wconf 81' lang='lat' dir='ltr'>ad</span> <span class='ocrx_word' id='word_1_194' title='bbox 1768 2704 2113 2763; x_wconf 80' lang='lat' dir='ltr'>concionem</span> <span class='ocrx_word' id='word_1_195' title='bbox 2152 2725 2253 2763; x_wconf 86' lang='lat' dir='ltr'>vo·</span> <span class='ocrx_word' id='word_1_196' title='bbox 2278 2719 2493 2784; x_wconf 73' lang='lat' dir='ltr'>Appium.</span> 
     </span>
     <span class='ocr_line' id='line_1_25' title="bbox 345 2798 2259 2883; baseline 0 -22"><span class='ocrx_word' id='word_1_197' title='bbox 345 2811 488 2863; x_wconf 85' lang='lat' dir='ltr'>cato</span> <span class='ocrx_word' id='word_1_198' title='bbox 539 2798 786 2881; x_wconf 81' lang='lat' dir='ltr'>populo,</span> <span class='ocrx_word' id='word_1_199' title='bbox 825 2800 912 2859; x_wconf 83' lang='lat' dir='ltr'>sic</span> <span class='ocrx_word' id='word_1_200' title='bbox 953 2798 1252 2869; x_wconf 83' lang='lat' dir='ltr'>disseruit,</span> <span class='ocrx_word' id='word_1_201' title='bbox 1299 2806 1382 2857; x_wconf 85' lang='lat' dir='ltr'>ut·</span> <span class='ocrx_word' id='word_1_202' title='bbox 1405 2798 1708 2859; x_wconf 77' lang='lat' dir='ltr'>Coesarem</span> <span class='ocrx_word' id='word_1_203' title='bbox 1750 2808 1931 2879; x_wconf 87' lang='lat' dir='ltr'>atque</span> <span class='ocrx_word' id='word_1_204' title='bbox 1969 2799 2259 2883; x_wconf 65' lang='lat' dir='ltr'>Lepidum</span> 
     </span>
     <span class='ocr_line' id='line_1_26' title="bbox 347 2892 2259 2976; baseline -0.001 -21"><span class='ocrx_word' id='word_1_205' title='bbox 347 2916 496 2955; x_wconf 86' lang='lat' dir='ltr'>mox</span> <span class='ocrx_word' id='word_1_206' title='bbox 524 2915 732 2976; x_wconf 82' lang='lat' dir='ltr'>poenas</span> <span class='ocrx_word' id='word_1_207' title='bbox 753 2893 979 2954; x_wconf 86' lang='lat' dir='ltr'>diceret</span> <span class='ocrx_word' id='word_1_208' title='bbox 1000 2892 1242 2953; x_wconf 84' lang='lat' dir='ltr'>daturos</span> <span class='ocrx_word' id='word_1_209' title='bbox 1259 2892 1548 2953; x_wconf 83' lang='lat' dir='ltr'>scelerum</span> <span class='ocrx_word' id='word_1_210' title='bbox 1571 2915 1589 2961; x_wconf 88' lang='lat'>;</span> <span class='ocrx_word' id='word_1_211' title='bbox 1638 2893 1875 2955; x_wconf 83' lang='lat' dir='ltr'>fratrem</span> <span class='ocrx_word' id='word_1_212' title='bbox 1902 2912 2043 2955; x_wconf 81' lang='lat' dir='ltr'>vero</span> <span class='ocrx_word' id='word_1_213' title='bbox 2064 2916 2259 2967; x_wconf 82' lang='lat' dir='ltr'>suum,</span> 
     </span>
     <span class='ocr_line' id='line_1_27' title="bbox 353 2988 2261 3071; baseline -0.001 -20"><span class='ocrx_word' id='word_1_214' title='bbox 353 2990 728 3051; x_wconf 85' lang='lat' dir='ltr'>triumviratu</span> <span class='ocrx_word' id='word_1_215' title='bbox 773 2991 1072 3068; x_wconf 88' lang='lat' dir='ltr'>abjurat0,</span> <span class='ocrx_word' id='word_1_216' title='bbox 1097 3008 1162 3047; x_wconf 89' lang='lat' dir='ltr'>se</span> <span class='ocrx_word' id='word_1_217' title='bbox 1205 3008 1312 3071; x_wconf 85' lang='lat' dir='ltr'>pro</span> <span class='ocrx_word' id='word_1_218' title='bbox 1349 2988 1591 3048; x_wconf 87' lang='lat' dir='ltr'>consule</span> <span class='ocrx_word' id='word_1_219' title='bbox 1636 2997 1957 3065; x_wconf 80' lang='lat' dir='ltr'>gerentem,</span> <span class='ocrx_word' id='word_1_220' title='bbox 1995 2992 2261 3067; x_wconf 85' lang='lat' dir='ltr'>tyranni-</span> 
     </span>
     <span class='ocr_line' id='line_1_28' title="bbox 347 3082 2261 3166; baseline -0.001 -21"><span class='ocrx_word' id='word_1_221' title='bbox 347 3106 482 3147; x_wconf 88' lang='lat' dir='ltr'>cam</span> <span class='ocrx_word' id='word_1_222' title='bbox 543 3094 898 3166; x_wconf 86' lang='lat' dir='ltr'>potestatem</span> <span class='ocrx_word' id='word_1_223' title='bbox 947 3082 1134 3153; x_wconf 83' lang='lat' dir='ltr'>civili,</span> <span class='ocrx_word' id='word_1_224' title='bbox 1187 3093 1252 3142; x_wconf 91' lang='lat' dir='ltr'>et</span> <span class='ocrx_word' id='word_1_225' title='bbox 1315 3082 1843 3144; x_wconf 82' lang='lat' dir='ltr'>extraordinariam</span> <span class='ocrx_word' id='word_1_226' title='bbox 1904 3084 2261 3144; x_wconf 84' lang='lat' dir='ltr'>translatitia</span> 
     </span>
     <span class='ocr_line' id='line_1_29' title="bbox 346 3167 2259 3258; baseline -0.003 -15"><span class='ocrx_word' id='word_1_227' title='bbox 346 3190 868 3244; x_wconf 85' lang='lat' dir='ltr'>commutaturum.</span> <span class='ocrx_word' id='word_1_228' title='bbox 961 3178 1062 3239; x_wconf 92' lang='lat' dir='ltr'>Ad</span> <span class='ocrx_word' id='word_1_229' title='bbox 1094 3180 1225 3239; x_wconf 78' lang='lat' dir='ltr'>haec</span> <span class='ocrx_word' id='word_1_230' title='bbox 1261 3178 1416 3239; x_wconf 82' lang='lat' dir='ltr'>laetis</span> <span class='ocrx_word' id='word_1_231' title='bbox 1447 3180 1792 3258; x_wconf 87' lang='lat' dir='ltr'>astrepebat</span> <span class='ocrx_word' id='word_1_232' title='bbox 1813 3167 2107 3237; x_wconf 77' lang='lat' dir='ltr'>ominibus</span> <span class='ocrx_word' id='word_1_233' title='bbox 2132 3180 2259 3257; x_wconf 89' lang='lat' dir='ltr'>ple-</span> 
     </span>
     <span class='ocr_line' id='line_1_30' title="bbox 347 3272 2263 3359; baseline -0.002 -20"><span class='ocrx_word' id='word_1_234' title='bbox 347 3280 474 3350; x_wconf 80' lang='lat' dir='ltr'>bes,</span> <span class='ocrx_word' id='word_1_235' title='bbox 517 3279 1042 3359; x_wconf 85' lang='lat' dir='ltr'>imperatoremque</span> <span class='ocrx_word' id='word_1_236' title='bbox 1085 3274 1452 3355; x_wconf 87' lang='lat' dir='ltr'>appellatum</span> <span class='ocrx_word' id='word_1_237' title='bbox 1488 3274 1566 3333; x_wconf 88' lang='lat' dir='ltr'>ad</span> <span class='ocrx_word' id='word_1_238' title='bbox 1603 3272 1833 3353; x_wconf 84' lang='lat' dir='ltr'>reliqua</span> <span class='ocrx_word' id='word_1_239' title='bbox 1856 3276 2263 3353; x_wconf 82' lang='lat' dir='ltr'>componenda</span> 
     </span>
     <span class='ocr_line' id='line_1_31' title="bbox 349 3370 2404 3454; baseline -0.001 -20"><span class='ocrx_word' id='word_1_240' title='bbox 349 3377 436 3435; x_wconf 90' lang='lat' dir='ltr'>ire</span> <span class='ocrx_word' id='word_1_241' title='bbox 451 3378 782 3454; x_wconf 87' lang='lat' dir='ltr'>jusserunt.</span> <span class='ocrx_word' id='word_1_242' title='bbox 869 3372 1022 3433; x_wconf 88' lang='lat' dir='ltr'>Erat</span> <span class='ocrx_word' id='word_1_243' title='bbox 1055 3381 1180 3431; x_wconf 90' lang='lat' dir='ltr'>tum</span> <span class='ocrx_word' id='word_1_244' title='bbox 1226 3370 1528 3431; x_wconf 85' lang='lat' dir='ltr'>Antonius</span> <span class='ocrx_word' id='word_1_245' title='bbox 1563 3371 1807 3431; x_wconf 89' lang='lat' dir='ltr'>militari</span> <span class='ocrx_word' id='word_1_246' title='bbox 1840 3371 2071 3441; x_wconf 85' lang='lat' dir='ltr'>habitu,</span> <span class='ocrx_word' id='word_1_247' title='bbox 2113 3392 2261 3452; x_wconf 86' lang='lat' dir='ltr'>quo·</span> <span class='ocrx_word' id='word_1_248' title='bbox 2286 3396 2404 3445; x_wconf 84' lang='lat' dir='ltr'>Dio.</span> 
     </span>
     <span class='ocr_line' id='line_1_32' title="bbox 351 3464 2261 3549; baseline -0.003 -17"><span class='ocrx_word' id='word_1_249' title='bbox 351 3472 534 3531; x_wconf 86' lang='lat' dir='ltr'>modo</span> <span class='ocrx_word' id='word_1_250' title='bbox 558 3478 696 3531; x_wconf 86' lang='lat' dir='ltr'>ante</span> <span class='ocrx_word' id='word_1_251' title='bbox 721 3469 886 3528; x_wconf 91' lang='lat' dir='ltr'>illum</span> <span class='ocrx_word' id='word_1_252' title='bbox 913 3468 1118 3549; x_wconf 85' lang='lat' dir='ltr'>populi</span> <span class='ocrx_word' id='word_1_253' title='bbox 1155 3469 1498 3527; x_wconf 87' lang='lat' dir='ltr'>concionem</span> <span class='ocrx_word' id='word_1_254' title='bbox 1533 3468 1825 3527; x_wconf 85' lang='lat' dir='ltr'>habuerat</span> <span class='ocrx_word' id='word_1_255' title='bbox 1859 3487 2051 3528; x_wconf 88' lang='lat' dir='ltr'>nemo.</span> <span class='ocrx_word' id='word_1_256' title='bbox 2136 3464 2261 3529; x_wconf 89' lang='lat' dir='ltr'>Sed</span> 
     </span>
     <span class='ocr_line' id='line_1_33' title="bbox 354 3563 2500 3650; baseline -0.001 -24"><span class='ocrx_word' id='word_1_257' title='bbox 354 3574 416 3626; x_wconf 91' lang='lat' dir='ltr'>et</span> <span class='ocrx_word' id='word_1_258' title='bbox 437 3564 954 3627; x_wconf 80' lang='lat' dir='ltr'>senatusconsulto</span> <span class='ocrx_word' id='word_1_259' title='bbox 986 3564 1252 3625; x_wconf 86' lang='lat' dir='ltr'>mandari</span> <span class='ocrx_word' id='word_1_260' title='bbox 1281 3564 1396 3622; x_wconf 86' lang='lat' dir='ltr'>sibi</span> <span class='ocrx_word' id='word_1_261' title='bbox 1421 3563 1641 3623; x_wconf 89' lang='lat' dir='ltr'>bellum</span> <span class='ocrx_word' id='word_1_262' title='bbox 1660 3565 1943 3641; x_wconf 81' lang='lat' dir='ltr'>jusserat,</span> <span class='ocrx_word' id='word_1_263' title='bbox 1969 3583 2259 3641; x_wconf 83' lang='lat' dir='ltr'>egressus-</span> <span class='ocrx_word' id='word_1_264' title='bbox 2285 3584 2500 3650; x_wconf 64' lang='lat' dir='ltr'>Appiani.</span> 
     </span>
     <span class='ocr_line' id='line_1_34' title="bbox 357 3659 2265 3741; baseline -0.001 -20"><span class='ocrx_word' id='word_1_265' title='bbox 357 3682 474 3741; x_wconf 86' lang='lat' dir='ltr'>que</span> <span class='ocrx_word' id='word_1_266' title='bbox 517 3664 744 3733; x_wconf 82' lang='lat' dir='ltr'>Roma,</span> <span class='ocrx_word' id='word_1_267' title='bbox 771 3666 1142 3741; x_wconf 82' lang='lat' dir='ltr'>quacumque</span> <span class='ocrx_word' id='word_1_268' title='bbox 1187 3660 1504 3731; x_wconf 85' lang='lat' dir='ltr'>incederet,</span> <span class='ocrx_word' id='word_1_269' title='bbox 1547 3680 1731 3720; x_wconf 82' lang='lat' dir='ltr'>novas</span> <span class='ocrx_word' id='word_1_270' title='bbox 1764 3659 2089 3737; x_wconf 81' lang='lat' dir='ltr'>colligebat</span> <span class='ocrx_word' id='word_1_271' title='bbox 2112 3660 2265 3720; x_wconf 81' lang='lat' dir='ltr'>vires</span> 
     </span>
     <span class='ocr_line' id='line_1_35' title="bbox 355 3756 2265 3841; baseline -0.002 -21"><span class='ocrx_word' id='word_1_272' title='bbox 355 3780 436 3820; x_wconf 83' lang='lat' dir='ltr'>ex</span> <span class='ocrx_word' id='word_1_273' title='bbox 484 3760 716 3841; x_wconf 82' lang='lat' dir='ltr'>populis</span> <span class='ocrx_word' id='word_1_274' title='bbox 757 3760 860 3840; x_wconf 83' lang='lat' dir='ltr'>qui</span> <span class='ocrx_word' id='word_1_275' title='bbox 905 3758 1186 3819; x_wconf 83' lang='lat' dir='ltr'>favebant</span> <span class='ocrx_word' id='word_1_276' title='bbox 1227 3757 1520 3827; x_wconf 86' lang='lat' dir='ltr'>Antonio,</span> <span class='ocrx_word' id='word_1_277' title='bbox 1562 3766 1627 3817; x_wconf 87' lang='lat' dir='ltr'>et</span> <span class='ocrx_word' id='word_1_278' title='bbox 1664 3767 2003 3837; x_wconf 83' lang='lat' dir='ltr'>opportuna</span> <span class='ocrx_word' id='word_1_279' title='bbox 2044 3756 2265 3835; x_wconf 88' lang='lat' dir='ltr'>oppida</span> 
     </span>
     <span class='ocr_line' id='line_1_36' title="bbox 361 3850 2265 3936; baseline -0.003 -21"><span class='ocrx_word' id='word_1_280' title='bbox 361 3856 578 3936; x_wconf 81' lang='lat' dir='ltr'>passim</span> <span class='ocrx_word' id='word_1_281' title='bbox 601 3855 1059 3915; x_wconf 87' lang='lat' dir='ltr'>communiebat.</span> <span class='ocrx_word' id='word_1_282' title='bbox 1147 3850 1268 3911; x_wconf 88' lang='lat' dir='ltr'>Sed</span> <span class='ocrx_word' id='word_1_283' title='bbox 1299 3853 1425 3911; x_wconf 77' lang='lat' dir='ltr'>haee</span> <span class='ocrx_word' id='word_1_284' title='bbox 1453 3853 1649 3929; x_wconf 87' lang='lat' dir='ltr'>agenti</span> <span class='ocrx_word' id='word_1_285' title='bbox 1678 3871 1796 3910; x_wconf 90' lang='lat' dir='ltr'>non</span> <span class='ocrx_word' id='word_1_286' title='bbox 1823 3850 2091 3909; x_wconf 85' lang='lat' dir='ltr'>modicus</span> <span class='ocrx_word' id='word_1_287' title='bbox 2108 3851 2265 3909; x_wconf 88' lang='lat' dir='ltr'>obex</span> 
     </span>
     <span class='ocr_line' id='line_1_37' title="bbox 359 3946 2266 4031; baseline -0.002 -20"><span class='ocrx_word' id='word_1_288' title='bbox 359 3954 638 4031; x_wconf 86' lang='lat' dir='ltr'>objectus</span> <span class='ocrx_word' id='word_1_289' title='bbox 673 3961 764 4011; x_wconf 85' lang='lat' dir='ltr'>est</span> <span class='ocrx_word' id='word_1_290' title='bbox 803 3970 840 4010; x_wconf 90' lang='lat' dir='ltr'>a</span> <span class='ocrx_word' id='word_1_291' title='bbox 881 3950 974 4009; x_wconf 88' lang='lat' dir='ltr'>M.</span> <span class='ocrx_word' id='word_1_292' title='bbox 1009 3948 1320 4018; x_wconf 87' lang='lat' dir='ltr'>Barbatio,</span> <span class='ocrx_word' id='word_1_293' title='bbox 1359 3968 1533 4026; x_wconf 89' lang='lat' dir='ltr'>quem</span> <span class='ocrx_word' id='word_1_294' title='bbox 1575 3956 1926 4025; x_wconf 81' lang='lat' dir='ltr'>quaestorem</span> <span class='ocrx_word' id='word_1_295' title='bbox 1964 3966 2133 4007; x_wconf 86' lang='lat' dir='ltr'>suum</span> <span class='ocrx_word' id='word_1_296' title='bbox 2174 3946 2266 4008; x_wconf 89' lang='lat' dir='ltr'>M.</span> 
     </span>
     <span class='ocr_line' id='line_1_38' title="bbox 361 4041 2265 4127; baseline -0.003 -20"><span class='ocrx_word' id='word_1_297' title='bbox 361 4047 666 4109; x_wconf 85' lang='lat' dir='ltr'>Antonius</span> <span class='ocrx_word' id='word_1_298' title='bbox 701 4054 958 4127; x_wconf 88' lang='lat' dir='ltr'>propter,</span> <span class='ocrx_word' id='word_1_299' title='bbox 999 4044 1196 4103; x_wconf 86' lang='lat' dir='ltr'>nescio</span> <span class='ocrx_word' id='word_1_300' title='bbox 1235 4063 1412 4122; x_wconf 86' lang='lat' dir='ltr'>quam</span> <span class='ocrx_word' id='word_1_301' title='bbox 1451 4043 1757 4113; x_wconf 82' lang='lat' dir='ltr'>offensam,</span> <span class='ocrx_word' id='word_1_302' title='bbox 1784 4044 2101 4103; x_wconf 82' lang='lat' dir='ltr'>dimiserat.</span> <span class='ocrx_word' id='word_1_303' title='bbox 2188 4041 2265 4103; x_wconf 89' lang='lat' dir='ltr'>Id</span> 
     </span>
     <span class='ocr_line' id='line_1_39' title="bbox 360 4139 2265 4222; baseline -0.003 -18"><span class='ocrx_word' id='word_1_304' title='bbox 360 4162 494 4203; x_wconf 83' lang='lat' dir='ltr'>cum</span> <span class='ocrx_word' id='word_1_305' title='bbox 545 4144 757 4222; x_wconf 82' lang='lat' dir='ltr'>vulgus</span> <span class='ocrx_word' id='word_1_306' title='bbox 803 4145 1120 4221; x_wconf 87' lang='lat' dir='ltr'>ignoraret,</span> <span class='ocrx_word' id='word_1_307' title='bbox 1185 4139 1454 4219; x_wconf 84' lang='lat' dir='ltr'>plerique</span> <span class='ocrx_word' id='word_1_308' title='bbox 1519 4140 1675 4199; x_wconf 86' lang='lat' dir='ltr'>hunc</span> <span class='ocrx_word' id='word_1_309' title='bbox 1748 4140 2265 4220; x_wconf 83' lang='lat' dir='ltr'>percontabantur,</span> 
     </span>
     <span class='ocr_line' id='line_1_40' title="bbox 363 4234 2268 4319; baseline -0.003 -21"><span class='ocrx_word' id='word_1_310' title='bbox 363 4250 382 4276; x_wconf 86' lang='lat'>‘</span> <span class='ocrx_word' id='word_1_311' title='bbox 406 4260 598 4319; x_wconf 88' lang='lat' dir='ltr'>ecquo</span> <span class='ocrx_word' id='word_1_312' title='bbox 639 4242 835 4300; x_wconf 88' lang='lat' dir='ltr'>animo</span> <span class='ocrx_word' id='word_1_313' title='bbox 863 4237 1167 4312; x_wconf 76' lang='lat' dir='ltr'>Antonius</span> <span class='ocrx_word' id='word_1_314' title='bbox 1202 4234 1404 4297; x_wconf 80' lang='lat' dir='ltr'>turbas</span> <span class='ocrx_word' id='word_1_315' title='bbox 1441 4234 1693 4298; x_wconf 79' lang='lat' dir='ltr'>Italicas</span> <span class='ocrx_word' id='word_1_316' title='bbox 1738 4236 2029 4317; x_wconf 87' lang='lat' dir='ltr'>acciperet</span> <span class='ocrx_word' id='word_1_317' title='bbox 2045 4237 2088 4295; x_wconf 76' lang='lat'>&#39;3’</span> <span class='ocrx_word' id='word_1_318' title='bbox 2168 4236 2268 4295; x_wconf 91' lang='lat' dir='ltr'>ille</span> 
     </span>
    </p>
   </div>
  </div>
 </body>
</html>
