3159 4959
564 412 739 479 5826

600 1344 800 1393 Sueten.

568 1404 699 1470 Aug.
718 1411 800 1457 94.

1523 428 1596 481 Τ.
1642 428 1837 479 lell

890 574 1093 641 τοι-ἓως
1140 592 1245 651 pro
1273 570 1526 642 Merdis,
1564 570 1726 651 quod
1751 571 1946 631 nescio
1977 588 2052 629 an
2089 588 2336 649 usquam
2374 579 2660 650 praeterea
2685 592 2786 631 oc-

890 678 1089 729 currat
1110 668 1489 737 vocabulum,
1521 667 1756 727 Medos
1779 666 2103 743 intelligere
2129 665 2352 735 malim,
2379 668 2606 726 vicinos
2621 667 2790 727 Den-

890 762 1143 832 theletis,
1162 774 1231 823 et
1254 784 1293 823 a
1316 762 1523 823 Sel-dis
1550 761 1791 823 flumine
1821 770 2047 821 tantum
2073 760 2272 821 Neoe'o
2295 771 2610 841 separatos.

970 864 1029 917 2.
1074 858 1354 917 Ceterum
1376 858 1652 935 subjecta
1673 876 1930 936 qumque
1953 854 2316 935 populando,
2331 876 2467 916 cnm
2489 857 2566 917 ad
2591 856 2792 935 Odry-

890 974 985 1013 sas
1014 954 1264 1013 Crassus
1286 960 1673 1032 penetrasset,
1697 953 1864 1011 bisin
1885 953 2056 1031 pacis
2079 952 2336 1031 speciem
2355 952 2794 1011 occurrentibus

892 1048 1173 1128 pepercit.
1258 1057 1274 1082 ⁶
1331 1047 1561 1107 Bacchi
1611 1067 1678 1105 se
1731 1046 2008 1105 clientes’
2061 1047 2496 1116 asseverabant,
2551 1056 2568 1081 ‘
2599 1066 2790 1124 neque

890 1142 1135 1221 dignum
1163 1144 1241 1202 ab
1264 1144 1395 1221 ejus
1420 1142 1788 1222 imperatoris
1819 1143 2084 1201 exercitu
2121 1160 2318 1201 sacras
2341 1150 2524 1201 terras
2545 1140 2786 1211 vastari,

890 1242 987 1317 cuj
997 1260 1063 1298 us
1087 1239 1313 1318 imperii
1335 1238 1776 1318 praedictionem
1805 1236 1900 1296 Μ.
1933 1238 2192 1297 Octavio
2211 1236 2286 1297 de
2311 1236 2438 1297 filio
2461 1236 2786 1297 consulenti

890 1335 1308 1395 exhibuissent.
1395 1333 1547 1393 Ritu
1576 1336 1732 1393 enim
1764 1333 1884 1393 loci
1921 1334 2124 1393 vinum
2148 1334 2272 1393 aris
2311 1332 2588 1403 infusum,
2613 1352 2784 1413 supe-

889 1440 1017 1490 rato
1056 1430 1201 1489 mdis
1238 1430 1495 1490 culmine
1521 1431 1579 1489 in
1617 1430 1830 1489 coelum
1863 1431 2146 1489 emicasse
2175 1428 2482 1489 laetissima
2505 1428 2784 1489 flamma:

890 1526 1053 1606 quod
1080 1534 1371 1587 ostentum
1396 1524 1614 1585 nemini
1643 1534 1776 1605 post
1801 1524 2218 1585 Alexandrum
2248 1525 2538 1603 Magnum
2563 1526 2784 1613 factum

891 1622 1103 1682 fuerit?
1186 1622 1413 1681 Lacum
1438 1640 1573 1679 eum
1595 1629 1722 1679 tum
1751 1620 2028 1699 temporis
2055 1618 2225 1679 Boni
2249 1621 2632 1682 obtinebant:
2671 1624 2784 1681 ita-

890 1736 1005 1795 que
1052 1717 1301 1776 Crassus
1344 1716 1436 1775 his
1472 1715 1794 1787 ademtam,
1835 1718 2128 1796 prioribus
2169 1717 2492 1777 cultoribus
2515 1718 2784 1777 restituit.

892 1810 1053 1871 Haec
1096 1820 1369 1888 agentem
1411 1806 1604 1870 Roles
1629 1811 1875 1881 excivit,
1907 1812 2010 1885 cni
2043 1830 2178 1871 cum
2217 1812 2338 1871 alio
2377 1811 2664 1871 Getarum
2689 1832 2784 1871 re-

890 1906 1031 1983 gulo
1052 1906 1329 1985 (Dapygi
1366 1914 1494 1965 erat
1532 1908 1773 1982 nomen)
1810 1904 2035 1965 bellum
2071 1906 2376 1967 inciderat.
2461 1906 2539 1967 In
2562 1908 2670 1966 hos
2693 1908 2782 1967 iu-

888 2011 1092 2063 vectus
1132 2000 1467 2071 Romanus,
1493 2020 1628 2061 cum
1667 2002 1898 2081 equites
1939 2002 2140 2081 pulsos
2171 2004 2230 2061 in
2263 2004 2524 2083 peditum
2551 2004 2786 2065 ordines

889 2097 1259 2179 impegissem
1302 2116 1417 2156 nou
1454 2096 1720 2175 pralium
1749 2096 1928 2168 ultra,
1953 2096 2058 2157 sed
2083 2096 2278 2158 codes
2299 2092 2664 2159 nri-batorum
2691 2108 2784 2159 at·

886 2213 1001 2273 que
1028 2192 1459 2269 diffugientium
1498 2191 1635 2252 fuit.
1721 2192 1948 2273 Dapyx
1977 2194 2036 2253 in
2073 2194 2382 2254 castellum
2407 2196 2694 2257 munitam
2715 2217 2782 2259 ne

885 2288 1175 2349 contulit:
1220 2286 1379 2367 quod
1402 2304 1535 2347 eum
1570 2288 1870 2349 obsideret
1900 2289 2179 2361 Crassum,
2201 2291 2453 2371 quidam
2489 2293 2572 2352 de
2609 2313 2778 2354 mam

889 2384 1105 2444 Graue
1142 2382 1405 2443 salutans
1446 2402 1606 2454 eum,
1641 2383 2006 2464 colloquium
2045 2387 2358 2465 expetivi-t.
2457 2387 2584 2448 Per
2621 2391 2780 2454 huuc

887 2480 1105 2559 proditi
1142 2479 1404 2549 barbari,
1430 2498 1505 2539 ne
1546 2478 1605 2539 in
1638 2499 1846 2539 manus
1885 2480 2210 2541 inciderent
2246 2482 2524 2553 bostium,
2563 2490 2782 2549 mutuis

875 2576 1223 2635 udonibus
1266 2576 1561 2655 semetipsi
1615 2574 2015 2637 conciderunt.
2101 2574 2374 2657 Dapygis
2421 2577 2615 2651 fiatri,
2667 2584 2782 2643 nisi

868 2662 1092 2751 ‘captus
1116 2670 1345 2740 fuisset,
1370 2690 1479 2749 par
1500 2690 1638 2731 cum
1661 2671 1796 2731 aliis
1829 2670 2016 2731 fatum
2057 2674 2355 2746 sortitum,
2397 2675 2648 2738 Oranus
2681 2699 2778 2740 sa—

884 2764 1067 2825 lutem
1090 2774 1157 2824 et
1178 2766 1513 2825 libertatem
1540 2766 1818 2826 restituit.

964 2866 1027 2921 8.
1070 2859 1198 2919 His
1220 2860 1307 2919 itn
1328 2860 1527 2938 gestis,
1546 2860 1628 2921 ad
1653 2860 1890 2921 Geir-am
1913 2862 2083 2939 sigua
2108 2871 2390 2942 promota.
2473 2865 2666 2927 Estin
2687 2888 2778 2929 re·

884 2957 1157 3035 gionibus
1184 2956 1271 3017 eis
1294 2955 1582 3036 spelunca
1613 2959 1748 3036 ejus
1775 2958 2196 3037 magnitudinis
2229 2968 2294 3019 et
2327 2962 2688 3035 munimenti,
2713 2972 2783 3025 nt

884 3052 1127 3111 Titanes
1150 3072 1191 3112 a
1218 3052 1353 3111 Diis
1376 3053 1519 3113 victi
1544 3073 1618 3113 eo
1633 3054 1963 3133 confug-isse
1981 3054 2332 3116 dicerentur.
2403 3056 2552 3119 Huc
2575 3078 2779 3121 omnes
2841 3076 2854 3081 ·

882 3166 1027 3227 opes
1048 3156 1185 3207 susas
1222 3146 1480 3220 finitimi,
1506 3159 1590 3220 et,
1618 3150 1776 3230 qnod
1803 3151 1864 3209 in
1889 3152 1982 3210 his
2009 3152 2486 3231 pretiosissimum
2507 3165 2657 3224 erat,
2685 3174 2776 3216 ar·

882 3252 1085 3303 menta
1116 3252 1181 3305 et
1220 3264 1437 3324 pecora
1472 3244 1846 3305 incluserant.
1927 3245 2198 3318 Crassus,
2235 3250 2570 3328 perquisitis
2589 3253 2776 3311 omni·

816 3360 825 3371 ·
880 3339 992 3399 bus
1016 3339 1312 3419 spelunea
1336 3340 1521 3410 ostiis,
1547 3350 1842 3416 (tortuosa
1861 3343 2020 3401 enim
2059 3352 2124 3403 et
2157 3344 2396 3406 occulta
2427 3352 2642 3426 erant,)
2667 3351 2776 3409 ob·

881 3436 1256 3512 structisque,
1282 3436 1738 3497 necessariorum
1767 3436 2156 3516 parandorum
2173 3439 2462 3501 facultate
2479 3444 2775 3515 exclusos,

881 3528 1041 3588 fane
1066 3530 1317 3606 subegit.
1404 3529 1703 3591 Invitatus
1726 3533 1838 3593 hoc
1877 3554 2169 3605 successu,
2199 3536 2454 3615 Zyraxis
2477 3541 2659 3599 etiam
2681 3560 2776 3600 re·

882 3623 1135 3700 gionem,
1164 3624 1308 3684 licet
1336 3624 1610 3705 Dapygis
1633 3627 1796 3687 bello
1817 3649 1882 3688 se
1907 3629 2055 3689 nihil
2087 3631 2502 3705 immiscuerat,
2537 3636 2772 3696 invasit.

884 3717 1384 3793 Robustissimum
1417 3724 1550 3799 ejus
1595 3724 1846 3802 regionis
1885 3724 2166 3805 oppidum
2195 3725 2472 3789 Genucla
2510 3730 2643 3800 fuit,
2666 3732 2773 3791 nbi

880 3813 1050 3891 sig-na
1076 3814 1355 3875 Romana
1380 3837 1507 3877 esse
1530 3817 1901 3890 dicebantur,
1927 3840 2062 3899 quae
2089 3820 2167 3883 C.
2195 3821 2471 3884 Antonio
2493 3827 2649 3905 apud
2679 3827 2773 3886 Is·
2873 3894 2892 3908 ,

880 3910 1100 3969 triauos
1127 3909 1305 3970 Getae
1331 3910 1693 3973 ademerant.
1779 3914 1875 3973 Ea
1893 3924 2050 3975 terra
2075 3917 2250 3977 simul
2278 3929 2341 3979 et
2367 3923 2444 3979 ab
2472 3920 2651 3992 Istro,
2675 3924 2772 3982 cui

882 4005 1165 4083 adjuncta
1200 4006 1456 4078 fueraut,
1482 4018 1844 4090 oppugnata,
1883 4031 2068 4091 parvo
2094 4013 2332 4092 quidem
2359 4026 2642 4097 tempore,
2669 4018 2772 4079 sed

882 4117 995 4157 non
1042 4122 1225 4179 parvo
1260 4102 1463 4163 labore
1502 4106 1684 4185 cepit,
1729 4107 1970 4166 absente
2003 4107 2246 4187 quidem
2275 4110 2538 4190 Zyraxe,
2564 4114 2665 4192 qui
2691 4113 2768 4173 ad

882 4194 1131 4272 primam
1157 4195 1302 4256 belli
1328 4196 1571 4272 famam,
1597 4220 1733 4260 cum
1754 4202 2024 4280 pecunia,
2051 4206 2574 4283 comparandorum
2599 4210 2768 4267 auxi-
