3159 4959
829 470 1042 520 mam
1087 470 1372 521 cxxm.
1421 470 2068 523 anonumum-um.
2376 454 2545 521 5531

337 612 756 691 hortantisque.
842 611 1069 673 Contra
1109 612 1329 672 Brutus
1367 622 1432 673 et
1462 614 1587 693 ipse
1629 615 1900 674 instruxit
1938 634 2096 687 suos,
2121 616 2225 675 sed

340 708 576 788 degredi
611 710 670 767 in
713 729 948 789 aequum
995 709 1206 780 noluit,
1254 709 1520 791 praelium
1565 711 1751 771 vitare
1777 713 2039 791 cupiem,
2064 694 2228 790 quod

339 804 617 885 sperabat
641 805 842 884 inopia
867 804 1153 865 debellari
1193 807 1387 865 hostes
1419 827 1607 886 posse.
1690 805 1859 867 Nam
1894 827 2083 888 neque
2108 807 2227 868 fru-

342 910 600 960 mentum
625 921 703 960 ex
731 900 995 981 IEgypto
1020 903 1206 961 coemi
1249 911 1500 982 poterat,
1526 922 1661 981 quae
1689 911 1815 962 tum
1834 902 1961 983 ipsa
1996 902 2229 963 labora-

341 996 450 1056 bat
474 996 665 1065 same;
708 1004 1003 1075 neque'ex
1045 996 1348 1077 Hispania
1391 1007 1494 1057 aut
1519 996 1735 1057 Africa
1757 996 2004 1057 subvehi
2043 997 2231 1057 Pom·

343 1094 532 1172 peina,
561 1112 667 1153 nec
689 1112 768 1150 ex
797 1091 983 1151 Italia
1027 1090 1270 1151 Murcus
1305 1113 1440 1152 cum
1479 1092 1887 1152 Ahenobarbo
1926 1093 2231 1151 sinebant:

343 1188 486 1247 solae
526 1190 824 1248 restabant
872 1186 1232 1247 Macedonia
1266 1198 1329 1247 et
1360 1186 1693 1256 Thessalia,
1742 1205 1857 1245 non
1900 1188 1959 1245 in
2000 1185 2233 1265 longum

346 1282 679 1342 suffectura}
702 1283 885 1341 tantis
908 1282 1284 1342 exercitibus.
1367 1279 1587 1359 Itaque
1624 1280 1849 1339 Juliani
1874 1302 2106 1361 quoque
2146 1302 2237 1341 re-

349 1377 651 1436 duxerunt
667 1378 912 1456 copias;
956 1386 1039 1445 et,
1068 1376 1210 1455 quia
1235 1376 1478 1437 diversis
1502 1376 1707 1436 casn-is
1730 1375 1933 1435 divelli
1960 1376 2235 1447 intutum,
2260 1397 2379 1445 Dio.

349 1480 476 1531 tam
495 1472 696 1531 vicino
721 1473 911 1542 hoste,
941 1470 1320 1549 judicabant,
1347 1480 1461 1531 tres
1494 1472 1787 1530 exercitus
1812 1472 1874 1531 in
1901 1474 2032 1531 unis
2064 1471 2238 1531 simul

349 1568 702 1627 habuerunt.

433 1670 532 1723 35.
576 1662 704 1721 Sub
733 1662 887 1722 idem
913 1671 1142 1743 tempus
1163 1663 1224 1721 in
1248 1662 1468 1724 Africa
1485 1683 1719 1742 quoque
1742 1662 1902 1724 civili
1928 1662 2087 1723 bello
2107 1661 2239 1721 Ro-
2264 1670 2375 1721 Liv.
2398 1670 2529 1734 Epit.

354 1779 530 1818 mana
573 1779 739 1818 arma
777 1768 1208 1821 concurrerunt.
1290 1758 1363 1818 T.
1413 1758 1657 1819 Sextius
1694 1758 2049 1821 Numidiam
2086 1759 2241 1817 obti-
2296 1765 2507 1829 Appiam.

355 1874 516 1925 uena,
543 1854 828 1915 decedere
869 1856 953 1921 Q.
985 1852 1372 1918 Cornificium
1401 1864 1600 1915 vetere
1637 1854 1944 1935 provincia
1959 1856 2239 1932 jusserat,
2264 1829 2569 1942 giib'xlgssxssf

355 1971 433 2011 ex
457 1951 746 2011 divisione
773 1952 1199 2011 triumvirorum
1223 1972 1456 2011 omnem
1490 1949 1767 2012 Africam
1798 1949 2019 2010 caesari
2043 1948 2244 2009 deberi

355 2046 647 2108 dictitans.
733 2046 960 2108 Contra
1007 2056 1246 2107 senatus
1291 2048 1702 2107 auctoritatem
1745 2044 2097 2106 Cornificius
2140 2048 2247 2105 ob-

356 2144 613 2204 tendere.
699 2142 785 2202 Et
808 2152 936 2202 erat
971 2142 1234 2202 exercitu
1274 2143 1627 2201 instructior.
1712 2141 1947 2219 Injuria
1981 2149 2181 2199 tamen
2208 2159 2247 2197 a

359 2238 574 2299 Sextio
610 2240 812 2318 coepit,
875 2238 986 2317 qui
1045 2237 1384 2297 contatione
1426 2236 1897 2297 adversariorum
1933 2236 2249 2305 excitatus,

362 2334 762 2395 Adrumetum
787 2342 849 2392 et
875 2332 1025 2392 alias
1049 2332 1362 2392 nonnullas
1385 2332 1562 2391 urbes
1586 2332 1783 2391 subita
1807 2331 2123 2409 irruptione
2148 2350 2248 2389 oc-

357 2432 625 2509 cupavit.
711 2428 886 2489 Idem
927 2415 1214 2487 insomnio
1251 2426 1637 2507 prodigioque
1661 2426 1854 2485 factus
1876 2435 2003 2485 erat
2026 2428 2249 2487 animo-

359 2528 497 2587 sior.
581 2524 750 2585 Nam
791 2545 897 2604 per
943 2524 1199 2603 quietem
1243 2532 1371 2583 erat
1403 2523 1757 2600 imaginatus
1792 2521 1993 2583 audire
2016 2530 2251 2582 taurum

360 2623 617 2683 humana
659 2641 803 2683 voce
845 2619 1222 2689 indicantem,
1263 2638 1474 2697 corpus
1509 2638 1681 2677 suum
1723 2618 1783 2676 in
1823 2617 2043 2697 oppido
2085 2618 2253 2678 Tuca

365 2717 658 2778 defossum
683 2736 807 2775 esse
832 2736 846 2775 :
890 2714 1030 2774 inde
1053 2723 1236 2793 caput
1265 2712 1533 2774 avulsum
1559 2714 1609 2772 si
1635 2713 1859 2793 pertica
1880 2712 2256 2773 circumferat
2374 2732 2381 2739 ·

369 2812 630 2883 Sextius,
654 2812 922 2871 victoriae
946 2818 1277 2891 compotem
1319 2808 1458 2872 fore.
1545 2809 1773 2888 Estque
1794 2816 2084 2887 repertum
2123 2807 2256 2881 loco

369 2908 696 2987 significato
731 2907 1008 2968 cadaver.
1093 2904 1218 2965 Sed
1249 2914 1312 2964 et
1342 2905 1556 2965 bovem
1596 2904 1855 2965 locutam
1879 2902 2141 2971 tradunt,
2166 2904 2257 2961 in-

367 3006 567 3065 sistere
600 3004 912 3082 jubentem
971 3001 1290 3081 proposito.
1374 2998 1653 3059 Ceterum
1697 3000 1805 3057 hia.
1833 2998 2145 3080 praesagiis,
2196 3006 2260 3055 et

369 3120 634 3159 successu
665 3118 851 3159 rerum
897 3097 1197 3167 fidentem,
1240 3094 1581 3167 VentidiuS‚
1632 3092 1940 3156 Cornificii
1980 3101 2257 3172 quaeeton,

373 3196 674 3275 inopinato
701 3194 940 3254 adortus
963 3190 1140 3262 fudit,
1161 3210 1490 3269 magnaque
1516 3199 1685 3269 parte
1708 3190 2001 3249 exercitus
2025 3188 2256 3255 amissa,

375 3292 729 3371 recipere-se
757 3292 817 3350 in
847 3286 1203 3349 Numidiam
1232 3286 1444 3363 coegit.
