3159 4959
912 393 1115 442 mum
1165 394 1481 442 CXXXU.
1528 395 1868 444 SUPPLEM
1886 398 2171 448 ENTUM.

434 534 679 596 sarcinis
712 553 889 614 quam
932 535 1107 594 armis
1148 535 1451 615 portandis
1495 557 1694 616 genuS.
1781 537 2002 615 Neque
2029 539 2319 615 magnitu-

436 634 633 693 dinem
658 632 897 690 navinm
922 631 1223 710 pueriliter
1242 634 1638 711 suspexeritis.
1696 631 1986 690 Inhabilis
2010 633 2116 691 illa
2141 634 2326 692 moles

438 747 541 808 per
560 749 621 788 se
648 727 935 786 neminem
962 737 1267 806 oppugnat
1301 738 1406 789 aut
1439 731 1689 799 sauciat,
1731 738 1792 786 et
1825 729 1982 787 ultro
2005 749 2212 808 parum
2237 739 2328 788 est

434 824 512 884 ad
561 820 973 902 impellendum
1009 823 1535 904 inhibendumque,
1582 844 1718 883 cum
1759 832 2052 902 oporteat,
2094 823 2323 883 idonea.

437 917 601 983 Quid
644 917 820 994 igitur
858 917 1083 977 facient
1128 919 1187 992 in
1228 919 1319 977 his
1359 918 1628 979 conclusi
1665 920 1872 996 magis,
1903 938 1976 976 ne
2015 919 2323 995 effugiant,

432 1032 613 1090 quam
638 1013 893 1093 impositi
919 1012 999 1072 sd
1022 1013 1401 1092 pugnandum
1436 1034 1568 1074 cnm
1595 1035 1700 1094 spe
1725 1014 2020 1081 victoriae3
2066 1016 2166 1073 ubi
2193 1023 2324 1074 tsn-

430 1128 613 1186 quam
647 1109 903 1186 equestri
942 1108 1211 1185 agilitate
1251 1111 1410 1168 omni
1450 1130 1489 1168 a
1516 1119 1680 1189 parte
1705 1111 1966 1168 triremos
2003 1118 2226 1168 nostras
2253 1111 2324 1168 li-

430 1203 761 1282 burnasque
790 1203 1138 1266 assultantes
1172 1205 1501 1265 videbunt?
1558 1207 1687 1264 Ubi
1722 1206 1891 1266 velut
1913 1206 1972 1264 in
1998 1205 2328 1266 immobiles

432 1307 495 1356 et
516 1299 735 1358 ictibus
758 1319 819 1358 se
844 1300 1173 1378 praebentes
1201 1300 1339 1359 hinc
1364 1310 1549 1360 rostra
1576 1302 1894 1370 incurrent,
1941 1301 2076 1360 inde
2104 1300 2226 1360 tela
2253 1320 2324 1360 ac

430 1392 592 1454 faces
632 1394 1005 1472 injiciantur?
1086 1393 1235 1454 Non
1277 1396 1604 1476 expedient
1641 1396 1836 1456 hercle
1877 1396 2208 1466 consilinm,
2245 1396 2324 1454 ad

432 1487 771 1566 fugiendum
802 1509 969 1570 aeque
996 1499 1057 1549 et
1080 1492 1505 1570 insequendum
1540 1493 1764 1573 inepti,¹
1803 1500 1867 1552 et
1898 1492 2064 1553 velut
2098 1493 2156 1550 in
2194 1511 2323 1552 ves-

432 1584 573 1661 tigio
601 1585 902 1645 haerentes.
967 1588 1173 1666 Atque
1194 1585 1320 1646 haec
1349 1607 1462 1646 non
1488 1588 1658 1666 quasi
1684 1587 1956 1648 divinans
1981 1594 2119 1648 ante
2140 1607 2322 1667 expe-

432 1681 740 1740 rimentum
793 1680 1075 1762 praedicO,
1120 1683 1588 1742 commilitones:
1652 1668 1882 1743 duobus
1920 1685 2052 1760 jam
2108 1683 2324 1763 praeliis

430 1786 731 1856 comperta
749 1776 977 1856 loquor,
1004 1787 1067 1836 et
1086 1779 1301 1840 nemini
1321 1788 1581 1839 vestrum
1609 1779 1828 1857 ignota.
1895 1777 1996 1838 Sic
2023 1781 2198 1856 igitur
2216 1799 2322 1837 nos

430 1892 721 1952 paremus,
747 1881 1027 1952 tanquam
1048 1893 1165 1933 nno
1190 1874 1417 1954 praelio,
1445 1876 1728 1955 quicquid
1755 1876 1832 1934 ab
1861 1875 2104 1954 imperio
2124 1881 2324 1934 nostro

432 1970 746 2037 exerravit,
774 1969 1111 2048 subjugum
1136 1973 1481 2030 revocaturi.

510 2070 608 2126 57.
666 2071 684 2098 ‘
734 2061 874 2123 Nec
927 2064 1081 2124 Asia
1124 2064 1313 2123 solum
1367 2073 1430 2124 et
1480 2064 1720 2124 Graecia
1781 2075 1978 2124 nostra
2029 2067 2160 2133 erit,
2213 2066 2317 2124 sed

431 2159 725 2239 AEgyptus
764 2161 964 2230 etiam,
1004 2161 1301 2220 veteribus
1324 2162 1556 2241 opibus,
1605 2170 1668 2222 et
1711 2181 1860 2240 quas
1895 2181 2079 2240 nuper
2113 2162 2316 2219 ubiubi

430 2275 633 2334 rapere
658 2257 851 2336 potuit
881 2255 1196 2327 Antonius,
1222 2257 1407 2317 dives.
1492 2257 1632 2316 Nec
1659 2259 1813 2316 enim
1841 2257 2122 2337 pedestris
2146 2277 2314 2315 exer-

432 2351 601 2417 citus,
630 2371 735 2409 sua
760 2371 993 2430 quoque
1018 2352 1383 2412 confessione
1408 2353 1581 2412 nobis
1627 2353 1836 2432 impar,
1872 2353 2136 2411 victoriae
2165 2373 2314 2430 prae-

432 2447 551 2503 mia
570 2447 908 2514 morabitur,
937 2466 1127 2525 neque
1154 2449 1389 2507 vincere
1416 2447 1656 2507 difficile
1676 2457 1787 2518 est,
1815 2447 2019 2526 quales
2035 2446 2312 2516 diximus,

434 2541 701 2599 nauticas
727 2541 961 2620 copias:
1004 2541 1079 2601 de
1104 2543 1315 2620 quibus
1354 2543 1485 2623 ipsa
1518 2544 1694 2602 etiam
1720 2562 1854 2602 cum
1882 2542 2094 2625 maritq
2134 2543 2312 2603 Cleo-

432 2643 599 2713 patra
617 2635 965 2716 desperavit.
1022 2637 1329 2718 Namque,
1358 2659 1431 2697 ne
1450 2639 1768 2717 quiequam
1788 2659 1894 2698 vos
1911 2637 2096 2697 celem
2116 2659 2314 2697 eorum

430 2749 561 2808 quae
586 2732 759 2790 certis
785 2731 1013 2792 indiciis
1031 2735 1267 2811 cognita
1292 2743 1483 2804 teneo,
1508 2733 1666 2812 sugae
1696 2735 1894 2814 potins
1918 2753 2096 2813 quam
2123 2735 2312 2813 praelii

429 2846 606 2886 causa
643 2848 821 2887 naves
854 2829 1334 2901 conscenderunt,
1374 2839 1533 2889 certo
1570 2851 1710 2890 sane
1750 2838 2111 2908 argumento,
2152 2831 2312 2909 quod

430 2941 505 2980 ex
532 2925 691 2982 omni
718 2925 1071 3004 supellectili
1097 2925 1379 3006 quicquid
1407 2926 1587 3005 paulo
1616 2927 1922 3004 pretiosius
1941 2925 2074 2995 snit,
2101 2925 2309 2984 eodem

430 3017 858 3097 importandum
908 3029 1277 3081 curaverunt.
1380 3019 1616 3080 Idcirco
1669 3020 1769 3099 qui
1820 3020 2080 3079 fortassis
2125 3019 2311 3078 nudos

431 3115 590 3174 abire
618 3123 967 3194 pateremur,
996 3136 1149 3175 nunc
1179 3117 1419 3197 praemia
1442 3117 1708 3176 victoriae
1734 3125 1945 3174 nostrae
1979 3135 2174 3175 secum
2204 3116 2308 3174 ab·

428 3209 649 3270 laturos
686 3231 801 3270 non
843 3210 1225 3282 dimittemus,
1272 3213 1461 3271 donec
1508 3220 1569 3270 et
1613 3212 1742 3270 haec
1783 3220 1844 3269 et
1881 3213 2038 3289 ipsos
2075 3219 2308 3268 strenue

428 3305 742 3384 pugnando
770 3315 1021 3367 nostram
1050 3309 1108 3365 in
1135 3315 1482 3386 potestatem
1506 3305 1938 3383 redegerimus!

509 3407 606 3460 58.
650 3401 752 3460 Sic
778 3401 1019 3462 dimissa
1056 3402 1357 3473 concione,
1396 3410 1662 3461 utrumne
1697 3401 2004 3460 obsisteret
2042 3399 2309 3470 exituri&

428 3515 503 3555 an
544 3517 679 3555 vero
706 3499 865 3556 viam
897 3499 1155 3578 aperiret
1188 3499 1365 3577 su'gae,
1401 3499 1623 3575 agitare
1662 3497 1855 3576 coepit.
1941 3495 2123 3562 Quod
2155 3496 2308 3555 enim

426 3591 745 3651 velociores
764 3593 1024 3652 habebat
1048 3613 1250 3663 naves,
1276 3591 1453 3652 facile
1478 3613 1539 3652 se
1565 3599 2008 3652 consecuturum
2028 3592 2310 3650 abeuntes

426 3688 693 3748 rebatur:
733 3698 813 3759 et,
841 3690 889 3748 si
918 3689 1248 3748 Antonium
1268 3709 1469 3749 cursus
1488 3689 1842 3760 abstulisset,
1867 3697 2090 3756 eeteros
2108 3707 2308 3746 omnes

426 3783 591 3842 nullo
617 3784 871 3864 amplius
907 3787 1191 3844 retinente
1234 3785 1309 3843 ad
1343 3805 1405 3843 se
1436 3785 1794 3843 transituros.
1879 3781 2002 3841 Sed
2031 3781 2307 3860 Agrippa

426 3879 793 3957 subjiciente,
854 3887 871 3915 ‘
915 3879 1115 3939 favore
1165 3888 1471 3940 ventorum
1516 3879 1660 3959 eripi
1707 3878 1818 3937 sibi
1863 3877 2108 3937 classem
2157 3876 2308 3935 velis

426 3993 661 4034 usuram
702 3977 915 4055 posse,’
954 3976 1223 4056 praelium
1262 3976 1625 4034 committere
1659 3974 1888 4045 statuit,
1927 3973 2150 4050 majore
2197 3971 2304 4030 ali-

494 4157 507 4191 ὓ
530 4159 719 4224 jacui]
756 4158 843 4208 Sic
870 4159 1299 4220 postularemus
1324 4160 1475 4212 ratio.
1538 4160 1681 4211 Male
1704 4159 1953 4209 hactenns
1991 4156 2181 4220 ineptis,
2209 4157 2310 4206 nisi

427 4221 707 4285 adjiciatur
728 4223 941 4275 naribus.
977 4223 1127 4275 Crev.
