3159 4959
555 392 730 459 5628

1431 415 1438 423 '
1519 408 1589 457 '1'-
1636 410 1821 457 mvl!

883 552 1100 631 gaudio
1121 551 1356 613 sustulit
1379 551 1717 623 clamorem,
1744 552 1847 631 qui
1882 556 2169 631 exceptus
2200 570 2241 610 a
2280 552 2563 632 proximis
2592 560 2791 612 trans·

881 648 1174 727 ditusque,
1203 650 1522 718 universas,
1557 668 1691 727 quae
1714 649 1983 718 aderant,
2010 648 2215 727 copias
2248 657 2545 708 momento
2570 669 2789 728 percu-

579 764 669 812 Plu
673 764 858 811 tht.
882 747 1080 807 currit.
1167 747 1391 807 Bmtus
1421 748 1603 805 etiam
1634 754 1813 825 atque
1849 746 2113 817 Cassius,
2152 768 2215 805 re
2240 748 2501 824 cognita,
2526 766 2631 826 per
2652 762 2801 813 mu-‚

560 833 716 877 c..⁵4

559 892 676 941 Dim

561 955 772 1020 Appium.

561 1427 693 1474 Plnt.

563 1490 777 1555 Appian-

601 2202 788 2273 Strabo,

571 2336 706 2385 Suid.
730 2334 834 2399 Ap·

571 2416 868 2513 p1>10‹1.x.v1

571 2528 783 2591 Appinn.

883 845 1068 903 uitam
1093 852 1230 902 ante
1256 844 1415 902 viam
1441 844 1561 902 cito
1586 846 1819 921 agmine
1844 844 2218 903 incesserunt.

963 946 1062 999 30.
1106 938 1174 998 N
1177 960 1248 999 ec
1291 949 1488 999 tamen
1533 940 1861 1019 opprimere
1900 939 2177 999 Julianos
2212 938 2454 999 datum:
2498 960 2647 1019 quos
2684 958 2793 999 eo-·

883 1036 1018 1096 dem
1047 1034 1331 1115 periculo,
1357 1056 1478 1115 quo
1503 1035 1753 1095 Thracis
1790 1036 1961 1094 unius
1990 1045 2119 1094 astu
2160 1036 2368 1093 irretiti
2408 1044 2596 1106 erant,
2632 1034 2785 1094 alte-

885 1131 1004 1190 rius
1025 1130 1264 1190 solertia
1287 1131 1635 1210 explicavit.
1701 1130 1977 1189 Rhascus
2000 1129 2185 1189 frater
2210 1129 2679 1210 Rhascupolidis
2702 1150 2781 1190 ex

887 1224 1122 1285 insolito
1147 1226 1401 1286 clamore
1431 1227 1495 1285 id
1522 1225 1683 1305 quod
1720 1235 1848 1285 erat
1878 1226 2229 1305 suspicatus,
2266 1223 2640 1304 exploratum
2672 1226 2781 1293 iit:

887 1324 1246 1401 miratusque
1287 1322 1504 1381 saltum
1533 1325 1639 1383 vix
1678 1322 1819 1381 feris
1842 1323 2123 1402 pervium·
2144 1323 2313 1399 signa
2350 1321 2627 1381 militaria
2650 1340 2787 1402 per-³

887 1420 1134 1498 rupisse,
1161 1438 1282 1477 rem
1307 1438 1539 1478 omnem
1573 1418 1867 1479 Norbano
1910 1418 2217 1479 indicavit.
2304 1416 2445 1487 Ille,
2474 1438 2611 1476 cum
2638 1418 2787 1478 nihil

887 1516 1112 1575 factum
1137 1524 1292 1574 esset
1314 1517 1554 1595 propius
1577 1534 1759 1595 quam
1784 1524 1852 1574 ut
1888 1515 2335 1593 opprimeretur,
2364 1534 2467 1592 per
2488 1512 2785 1573 silentium

887 1614 1080 1671 noctis
1101 1632 1166 1669 se
1185 1611 1450 1692 recipere
1478 1610 1893 1691 Amphipolim
1920 1612 2193 1669 instituit.
2268 1609 2492 1668 Brutus
2514 1609 2783 1669 Cassius-

889 1728 1024 1788 que·
1031 1708 1350 1788 Philippos
1375 1708 1623 1788 profecti
1644 1718 1814 1767 sunt:
1840 1708 2162 1786 eodemque
2188 1716 2252 1766 et
2268 1707 2515 1766 Cimber
2528 1707 2791 1778 Tolum-,r

887 1810 952 1865 et
973 1824 1177 1864 omnes
1201 1805 1336 1864 aliae
1359 1806 1570 1885 copioe,
1608 1824 1757 1884 quas
1782 1806 1863 1863 ab
1884 1805 2145 1863 exercitu
2170 1803 2353 1863 'variae
2380 1800 2791 1883 occupationes

891 1900 1320 1971 abstraxerant,
1347 1908 1761 1960 convenerunt.

971 2005 1070 2057 31.
1117 1998 1222 2070 Et,
1250 2019 1370 2078 quo
1395 1997 1604 2057 melius
1638 2008 1913 2058 noscatur
1938 1996 2124 2069 locus,
2155 2000 2257 2058 ubi
2289 1998 2572 2057 Romana
2610 1997 2788 2058 liber-³

891 2100 984 2151 tas
1018 2092 1096 2152 ad
1139 2103 1468 2154 extremum
1507 2094 1654 2153 elisa
1688 2103 1801 2163 est,
1827 2094 2150 2175 Philippos
2176 2102 2347 2153 vetus
2384 2102 2528 2153 aetas
2563 2090 2821 2153 Datum·

891 2190 1236 2271 appellavit,
1272 2191 1417 2251 felix
1467 2210 1630 2270 agro,
1654 2190 1803 2249 felix
1832 2192 1959 2250 auri
1984 2190 2242 2250 metallis
2266 2191 2574 2269 oppidum,
2602 2200 2665 2249 et
2688 2210 2789 2250 ea-

773 2287 868 2321 '¹⁰¹
893 2297 1129 2367 propter
1168 2289 1476 2367 proverbio
1515 2287 1899 2347 celebratum.
1986 2286 2159 2347 Idem
2197 2305 2236 2345 a
2261 2286 2633 2345 multitudine
2660 2286 2791 2345 fon-³

891 2383 1038 2441 tium
1084 2382 1368 2441 Crenides
1401 2383 1761 2441 vocabatur:
1802 2400 1938 2441 cum
1968 2402 2007 2441 a
2028 2381 2320 2462 Philippo
2346 2380 2633 2461 Amyntae
2666 2380 2793 2442 filio

891 2477 1322 2557 frequentatum
1347 2478 1799 2548 habitatoribus,
1828 2474 1911 2537 ab'
1946 2479 2058 2537 hoc
2086 2488 2371 2556 tanquam
2396 2492 2552 2537 novo
2584 2476 2791 2536 condi-

891 2582 1017 2633 tore
1053 2592 1254 2633 recens
1283 2591 1494 2633 nomen
1533 2575 1779 2654 accepit.
1864 2572 1981 2632 Siti
2024 2584 2162 2633 sunt
2192 2574 2251 2632 in
2294 2573 2449 2633 colle
2494 2572 2789 2653 Philippi,-

891 2678 1198 2748 totumque
1235 2669 1299 2728 id
1329 2670 1586 2749 spatium
1620 2668 1780 2749 quod
1822 2670 1884 2728 in
1908 2676 2137 2729 summo
2162 2668 2439 2749 panditur
2472 2676 2789 2748 occupant,

895 2765 1200 2844 praeruptis
1221 2766 1383 2825 circa
1403 2772 1580 2843 atque
1610 2764 1919 2825 inaccessis
1941 2766 2227 2824 omnibus.⁴
2295 2764 2359 2823 A
2380 2760 2791 2843 septemtrione

892 2860 1078 2920 saltus
1103 2860 1403 2940 adjacent,
1423 2880 1528 2941 per
1553 2880 1702 2940 quos
1725 2860 2043 2919 Cassianos
2067 2860 2469 2939 Rhascupolis
2493 2859 2703 2919 duxit:
2754 2872 2793 2919 a

771 2989 776 2995 ·
895 2957 1138 3016 meridie
1165 2957 1354 3035 palus,
1393 2956 1612 3017 deinde
1648 2978 1812 3017 mare
1835 2958 2175 3037 ‘praecingit.
2258 2956 2485 3015 Versus
2508 2956 2791 3015 orientem

899 3052 1238 3132 Sapaeorum
1289 3052 1783 3133 Turpilorumque
1830 3054 2113 3131 angustioe
2151 3050 2476 3112 claudunt:
2520 3061 2584 3111 at
2635 3050 2791 3111 occi-¹

895 3148 1134 3209 dentale
1162 3150 1318 3210 latus
1341 3158 1608 3231 patentes
1632 3166 1872 3227 campos
1892 3150 2193 3228 prospicit,
2219 3150 2321 3227 qui
2348 3148 2423 3207 ad
2454 3148 2792 3206 Murcinum

901 3244 1394 3326 Drabiscumque,
1417 3257 1479 3305 et
1503 3246 1745 3307 fluvium
1774 3244 2110 3325 Strymona,
2139 3244 2245 3325 'per
2272 3254 2523 3325 quatuor
2546 3251 2609 3302 et
2644 3238 2793 3322 quass

895 3338 1166 3417 draginta
1191 3340 1380 3399 millia
1403 3360 1679 3420 passuum
1698 3348 1719 3373 ⁸
1742 3340 1963 3400 declivi
1980 3342 2225 3420 planitie
2250 3340 2593 3409 funduntur,
2616 3358 2793 3399 amoe—

898 3435 1085 3494 nitate
1106 3444 1168 3494 et
1188 3436 1491 3495 fertilitate
1517 3432 1641 3494 tani
1670 3436 1945 3514 insignes,
1972 3446 2039 3496 ut
2062 3436 2309 3497 fecerint
2330 3436 2549 3495 fabulis
2574 3436 2789 3495 locum.

901 3527 1070 3589 Nam
1093 3540 1156 3590 et
1181 3532 1320 3591 huic
1345 3531 1572 3609 regioni
1596 3539 1799 3611 raptus
1830 3532 2135 3592 ascribitur
2179 3532 2575 3610 Proserpinae,
2612 3530 2794 3589 trahi-

897 3633 1108 3703 turque
1133 3627 1194 3685 in
1222 3636 1623 3704 argumentum
1648 3628 1945 3706 Zygaetes
1968 3630 2173 3699 amnis,
2200 3628 2337 3687 inde
2352 3626 2585 3686 scilicet
2608 3626 2795 3705 adep-

897 3728 994 3779 tus
1017 3740 1252 3792 nomen,
1277 3722 1460 3801 quod,
1499 3723 1557 3780 in
1596 3724 1845 3800 trajectu
1883 3726 2034 3801 ejus,
2056 3726 2210 3802 jugo
2243 3722 2530 3802 disrupto,
2572 3722 2795 3781 fractus

895 3819 1142 3897 raptoris
1165 3839 1368 3878 currus
1391 3818 1588 3878 fuerit.
1672 3816 1767 3877 Hi
1800 3828 1940 3895 *sunt
1980 3812 2277 3899 Philippi,
2320 3820 2423 3879 ubi
2452 3817 2544 3877 M.
2576 3818 2795 3877 Brutus

897 3919 1084 3994 atquc'
1105 3915 1179 3977 C.
1212 3915 1456 3976 Cassius
1479 3916 1625 3976 victi
1648 3925 1820 3974 sunt:
1867 3915 2199 3993 longissimo
2222 3915 2455 3974 diremti
2482 3913 2796 3973 intervallo

577 3937 877 4053 wll-¹¹¹3&
899 4030 936 4069 a
963 4010 1266 4092 Philippis
1289 4012 1636 4083 Thessaliae,
1638 4020 1658 4046 ⁸
1680 4032 1829 4091 quos
1856 4032 1993 4073 cum
2029 4012 2123 4070 his
2160 4010 2465 4070 Thtacicis
2487 4002 2800 4089 scriptores

963 4181 1236 4235 ‘Quacum-
1256 4188 1304 4231 ει
1325 4183 1644 4245 quadraginta
1661 4198 1725 4259 πῃ
1710 4182 1812 4231 ruia
1883 4188 1959 4233 15.
1996 4186 2133 4231 Cret

901 4242 1146 4306 passuum]
1203 4248 1400 4295 Leuca·
1445 4246 1601 4309 paulo
1646 4248 1713 4295 mi
1718 4261 1810 4295 nus
1946 4246 2131 4296 01212512·
2113 4246 2240 4309 :nmis
2266 4245 2549 4307 Thessalia]
2608 4245 2685 4294 Ea
2718 4250 2796 4293 est
