3159 4959
585 2481 719 2556 Iflut.
770 2488 821 2529 ct

556 2577 767 2656 Frontin-

553 2783 654 2833 Dio
663 2793 715 2833 et
722 2785 853 2835 Plut.

550 3645 684 3696 Piut.

1504 427 1575 475 'l'-
1625 423 1808 475 mvn

867 563 1193 631 necessasia
1214 576 1307 627 est
1342 567 1645 628 severitas.
1727 565 1894 626 Nam
1929 564 2064 622 haic
2081 559 2380 642 'exempla
2396 563 2450 621 vsi
2475 562 2766 642 impunita

866 665 1131 746 patiaris,
1170 663 1317 744 quid
1360 666 1475 724 erit
1508 662 1790 742 deinceps
1811 660 2042 738 flagitii,
2069 659 2231 740 quod
2258 657 2766 720 animadversione

864 759 1109 840 dignum
1132 781 1259 820 esse
1284 762 1598 840 quisquam
1631 756 1969 818 existimet?
2051 753 2174 834 Spe
2197 765 2476 835 corrupta
2497 755 2766 816 celeriter

866 856 1243 936 expugnandi
1296 855 1593 933 Praaspa,
1643 853 1960 911 utilitatem
1995 850 2318 931 publicam,
2361 859 2430 910 et
2467 869 2764 910 armorum

866 960 1191 1010 nostrorum
1236 949 1480 1018 famam,
1522 956 1586 1006 et
1629 945 1836 1027 populi
1880 945 2142 1004 Romani
2185 945 2562 1005 formidatum
2607 948 2766 1026 prius

866 1047 961 1106 his
997 1045 1267 1125 gentibus
1300 1063 1507 1104 nomen
1552 1040 1908 1123 prodidistis.
1992 1041 2300 1107 Quantum
2343 1041 2514 1098 nobis
2555 1041 2766 1100 afferre

866 1144 1129 1222 potuerit
1162 1161 1337 1202 morae
1377 1138 1594 1200 sterilis
1631 1139 1904 1198 arborum
1939 1139 2122 1215 regio,
2147 1147 2211 1196 et
2247 1145 2556 1217 propterea
2579 1137 2768 1196 multo

866 1237 1071 1298 labore
1084 1231 1169 1299 'ac
1194 1247 1457 1318 tempore
1478 1237 1588 1295 vix
1613 1229 1860 1295 effectus
1883 1253 2084 1311 agger,
2103 1253 2318 1312 magno
2337 1232 2544 1294 dolore
2569 1243 2766 1294 nostro

866 1335 1185 1396 sensimus:
1240 1353 1397 1394 nuuc
1440 1332 1519 1393 ad
1558 1331 1768 1392 eadem
1809 1329 2132 1390 reficienda
2167 1349 2354 1411 opera
2383 1329 2542 1390 unde
2579 1331 2765 1390 otium

870 1433 1062 1503 nobis,
1092 1431 1249 1490 unde
1282 1432 1531 1491 materia
1564 1430 1722 1489 erit?

948 1535 1050 1588 10.
1093 1537 1113 1564 ‘
1136 1526 1419 1587 Vestrum
1453 1527 1568 1586 hoc
1603 1526 1836 1586 facinus
1867 1526 1999 1596 erit,
2031 1525 2388 1604 quicumque
2411 1526 2550 1584 hnic
2575 1525 2768 1606 culpae

872 1623 1073 1684 affines
1116 1627 1278 1685 estis.
1363 1623 1491 1683 Per
1512 1643 1618 1683 vos
1643 1625 1790 1684 irrisi
1820 1625 2220 1702 contemtique
2245 1629 2354 1681 aut
2373 1624 2614 1682 munitae
2635 1625 2766 1684 urbi

871 1721 995 1779 sine
1022 1721 1312 1780 machinis
1334 1729 1396 1779 et
1420 1720 1698 1800 operibus
1729 1720 2136 1790 uidebimus,
2163 1728 2267 1778 aut
2293 1718 2510 1778 infecto
2533 1719 2770 1798 negotio

870 1814 1257 1876 discedemus.
1342 1815 1489 1875 Hoc
1524 1835 1638 1894 ego
1673 1817 1782 1875 nisi
1813 1818 1946 1895 jam
1985 1817 2044 1874 in
2073 1824 2342 1874 auctores
2365 1815 2766 1886 vindicavero,

872 1931 987 1973 non
1012 1931 1217 1973 recuso
1250 1912 1395 1992 quin
1424 1911 1642 1972 nullius
1677 1931 1814 1970 usus
1851 1912 2168 1991 imperator
2190 1911 2434 1972 habear,
2520 1911 2652 1972 Erit
2677 1919 2768 1972 ta·-

872 2029 1007 2070 men
1034 2008 1196 2089 apud
1223 2029 1315 2068 me
1350 2029 1465 2068 non
1492 2009 1846 2068 innocentiae
1873 2016 2106 2067 tantum
2131 2008 2432 2077 securitas,
2461 2007 2566 2067 sed
2589 2010 2768 2068 etiam

874 2097 1192 2166 levioribus
1218 2105 1453 2165 delictis
1474 2097 1680 2166 venia.
1763 2105 1938 2171 Quos
1977 2113 2172 2164 autem
2209 2105 2501 2164 constabit
2539 2105 2772 2182 gravius

876 2203 1233 2282 peccavisse,
1258 2221 1437 2281 quam
1464 2211 1533 2260 nt
1554 2200 1871 2261 condonari
1899 2201 1972 2259 iis
2001 2199 2238 2270 debeat,
2263 2219 2502 2260 causam
2535 2219 2648 2260 non
2675 2200 2770 2260 di-

874 2309 1034 2371 cent,
1053 2299 1385 2378 quominus,
1412 2317 1592 2378 quam
1621 2297 1898 2378 exemplo
1931 2313 2040 2356 suo
2075 2295 2478 2356 labefecerunt
2505 2295 2774 2378 discipli-

874 2413 1034 2465 nam,
1058 2413 1189 2453 eam
1214 2393 1509 2475 supplicio
1532 2414 1642 2453 suo
1663 2393 1972 2452 sanciant!
2057 2391 2212 2450 Mox
2239 2391 2480 2470 legioni,
2507 2395 2676 2471 cujus
2699 2413 2772 2453 eo

874 2485 1137 2567 tempore
1161 2491 1339 2548 statio
1373 2489 1590 2558 fuerat,
1619 2509 1726 2569 pro
1761 2489 1960 2548 tritico
1995 2486 2276 2547 hordeum
2311 2487 2626 2548 admensus
2657 2498 2766 2560 est,

874 2583 1074 2660 legato
1110 2601 1247 2641 cum
1284 2582 1610 2660 ignominia
1639 2583 1900 2652 dimisso,
1929 2584 2266 2663 punitisque
2289 2583 2536 2644 duarum
2561 2587 2768 2646 cohor-

874 2679 1021 2738 tium
1048 2673 1489 2741 centurionibus
1512 2679 1806 2748 omnibus,
1833 2687 1894 2736 et
1920 2678 2232 2757 manipulis
2255 2680 2586 2739 decimatis.

956 2780 1057 2833 11.
1101 2772 1270 2833 Inter
1292 2791 1393 2831 eas
1416 2772 1809 2845 calamitates,
1837 2793 1972 2834 cum
2005 2783 2070 2833 et
2107 2775 2514 2854 eruptionibus
2555 2775 2776 2838 Medo·

876 2889 1028 2941 rum,
1050 2879 1117 2930 et
1139 2869 1357 2950 praeliis
1382 2869 1742 2930 Parthorum
1771 2871 2072 2932 Antonius
2091 2871 2458 2949 fatigaretur,
2483 2873 2772 2953 multique

876 2966 1115 3038 milites,
1128 2965 1525 3026 frumentandi
1549 2985 1727 3026 causa
1751 2967 2062 3047 progressi,
2085 2968 2262 3048 paulo
2287 2967 2520 3047 lougius
2540 2971 2772 3031 interci-

875 3070 1173 3142 perentur,
1198 3061 1590 3122 sustinebatur
1613 3071 1852 3122 tamen:
1878 3063 2094 3136 donec,
2117 3067 2412 3144 praeterito
2427 3068 2561 3145 jam
2587 3068 2770 3147 aequi-

876 3159 1099 3230 noctio,
1132 3159 1425 3220 subvereri
1471 3159 1738 3218 Parthus
1781 3161 1984 3240 caepit,
2025 3169 2096 3219 ut
2137 3181 2294 3230 suos,
2335 3163 2539 3221 omnia
2581 3165 2774 3242 potius

876 3259 1056 3335 quam
1102 3255 1371 3337 hyemem
1412 3253 1523 3316 sub
1564 3254 1820 3336 pellibus
1857 3256 2097 3328 laturos,
2133 3258 2434 3318 continere
2471 3259 2530 3318 in
2569 3261 2776 3320 castris

876 3361 1091 3429 posset.
1176 3349 1435 3411 Suberat
1472 3353 1654 3412 etiam
1693 3362 1904 3423 metus,
1931 3371 2006 3412 ne
2039 3352 2136 3412 vel
2164 3353 2564 3432 indignatione
2599 3357 2776 3416 robur

878 3453 1151 3524 augente,
1176 3445 1275 3507 vel
1302 3447 1505 3507 accitis
1538 3448 1816 3509 alicunde
1853 3449 2114 3521 auxiliis,
2143 3449 2456 3511 Romanus
2489 3452 2773 3534 oppidum

877 3527 1281 3620 vi'subigeret.
1350 3541 1702 3604 Subornatis
1725 3545 1901 3623 igitur
1923 3546 2236 3606 notissimis
2260 3547 2588 3628 quibusque
2616 3549 2776 3608 Par-

876 3637 1129 3707 thorum,
1164 3639 1399 3718 parcius
1436 3641 1644 3701 inceaei
1681 3641 1990 3703 Romanos
2027 3643 2495 3716 frumentatores,
2531 3655 2596 3706 et
2627 3665 2774 3706 non-

877 3732 1043 3794 nulla
1074 3735 1225 3794 citra
1260 3755 1519 3816 pugnam
1558 3739 1810 3800 concedi
1842 3739 2136 3817 jubebat:
2179 3741 2560 3822 proeferrique
2597 3743 2780 3803 bene-

876 3829 1072 3892 volum
1098 3832 1359 3892 animum
1384 3835 1444 3892 in
1472 3834 1732 3904 milites:
1765 3835 1826 3894 in
1852 3835 2186 3896 Antonium
2211 3840 2482 3900 convicia
2491 3841 2642 3918 jaci,
2670 3842 2776 3919 qui

874 3933 965 3985 tot
999 3927 1260 4005 egregios
1294 3929 1448 3988 viros
1485 3931 1860 3990 contumacia
1897 3951 2005 3991 sua
2048 3932 2338 4012 perderet.
2421 3943 2441 3971 ‘
2463 3934 2782 3996 Mittendis

872 4023 1029 4082 enim
1072 4023 1151 4083 ad
1200 4044 1395 4102 regem
1440 4025 1673 4104 legatis,
1721 4045 1930 4106 pacem
1977 4028 2135 4088 haud
2182 4029 2426 4091 dubiam
2477 4033 2776 4110 impetrari

874 4137 1065 4196 posse.
1147 4118 1335 4182 Nunc
1360 4121 1529 4181 illum
1555 4130 1872 4202 expectare
1899 4123 1960 4182 in
1979 4123 2174 4184 aliena
2203 4125 2440 4206 regione
2463 4126 2680 4192 famem
2703 4147 2780 4188 ac
