3159 4959
609 414 787 488 we&
1579 426 1648 484 τ’.
1697 434 1888 482 mvn

940 576 1243 637 cerdotum
1298 572 1499 637 omnia
1544 575 1822 653 collegia,
1869 594 2046 654 quem
2093 570 2528 633 adnumerum
2571 573 2626 633 ei
2673 570 2844 632 vide·

648 678 848 725 Sunion.
942 682 1119 741 retur,
1162 674 1447 751 augeret)
1531 671 1715 739 Haec,
1765 671 1969 751 paucis
2009 670 2296 751 exceptis,
2343 670 2578 729 admisit
2621 670 2846 743 Caesar,

620 742 751 856 ss‘foss
774 745 857 791 ⁸¹⁶
942 768 1289 829 sacerdotiis
1328 768 1568 846 quidem
1619 767 2076 846 intemperanter
2119 766 2332 825 dandis
2379 780 2454 825 eo
2507 776 2844 846 provectus,

946 872 1011 925 ut
1066 866 1143 925 de
1194 884 1437 924 numero
1488 864 1724 923 illorum
1768 864 2092 943 quicquam
2139 863 2356 922 exinde
2393 864 2542 922 certi
2589 872 2850 943 nequeat

942 962 1219 1041 reperiri:
1262 980 1440 1021 unum
1489 960 1689 1042 palam
1727 960 1970 1031 remisit,
2026 968 2096 1018 ut
2149 959 2402 1019 universi
2447 960 2564 1019 sibi
2607 962 2850 1023 obviam

944 1059 1198 1117 exirent.

1028 1160 1129 1215 78.
1168 1153 1453 1213 Omnium
1478 1162 1682 1212 autem
1705 1153 2027 1212 maximam
2055 1151 2320 1211 laetitiam
2361 1153 2416 1211 ei
2441 1152 2561 1211 duo
2591 1154 2720 1212 hoec
2753 1162 2849 1213 at-

655 1260 853 1309 Sueton.
945 1249 1229 1321 tulerunt,
1275 1250 1437 1329 quod
1482 1250 1561 1309 de
1617 1249 1779 1308 Jano
1821 1248 2180 1318 claudendo,
2225 1256 2290 1307 et
2333 1246 2560 1307 Salutis
2601 1251 2854 1326 augurio

623 1324 857 1439 ²2:¹31?ss
875 1332 925 1373 θ’
947 1346 1267 1425 repetendo
1310 1346 1613 1405 decretum
1657 1352 1804 1404 erat.
1890 1344 2036 1403 Hoc
2077 1345 2232 1403 enim
2280 1353 2516 1424 propter
2569 1346 2854 1407 continua

694 1424 709 1437 ⁶
842 1423 857 1440 ⁰
949 1440 1113 1502 bella
1148 1442 1536 1501 intermissum
1576 1461 1684 1521 per
1719 1460 1905 1500 annos
1937 1449 2192 1519 quatuor
2213 1449 2277 1499 et
2301 1442 2542 1518 triginta
2577 1441 2774 1501 fuerat
2795 1462 2810 1500 τ
2830 1454 2854 1488 ¹

658 1550 767 1599 Liv.
788 1568 827 1599 1.
847 1555 927 1601 19.
951 1538 1145 1599 Janus
1170 1537 1576 1597 tantummodo
1601 1538 1694 1596 bis
1720 1546 1898 1597 antea
1927 1535 2185 1605 clausus,
2213 1534 2424 1595 Numa
2455 1557 2613 1615 rege,
2637 1536 2854 1597 deinde

624 1615 929 1742 ΡξξίἱεΝὲᾞ·
953 1634 1191 1693 Punico
1218 1634 1405 1713 primo
1430 1633 1692 1714 perfecto
1717 1632 1898 1693 bello.
1965 1632 2120 1691 Tum
2145 1652 2286 1692 vero
2309 1633 2626 1713 imperator
2649 1633 2857 1693 Curat

632 1760 672 1791 ι.
693 1746 809 1793 297.
952 1726 1203 1788 tertium'
1217 1730 1454 1800 clausit,
1479 1750 1630 1810 pace
1657 1738 1812 1790 terra
1837 1731 2104 1808 marique
2141 1739 2334 1809 parta,
2371 1731 2742 1809 conditisque
2765 1730 2858 1789 ei·

628 1806 803 1920 23¹⁰*
836 1822 910 1855 Ἦ·
952 1826 1171 1887 vilibus
1216 1816 1411 1897 armis,
1456 1828 1758 1897 vicesimo,
1805 1836 2122 1907 postquam
2167 1838 2331 1887 mota
2373 1828 2629 1899 fuerant:
2675 1848 2856 1889 ²⁰⁰⁰·

630 1934 739 1983 Liv.
766 1934 897 1997 Epit-
956 1921 1115 1982 Sane
1152 1930 1279 1983 tum
1316 1922 1495 1982 etiam
1530 1923 1590 1981 in
1626 1924 1802 1982 armis
1829 1922 2062 1982 Treviri
2096 1940 2232 1982 cum
2267 1922 2582 1983 Germanis
2609 1926 2858 2003 quibus-

629 1998 759 2111 {3¹
776 2014 836 2048 ¹¹·
850 2002 933 2049 8⁹.
954 2018 1093 2078 dam
1138 2027 1330 2089 erant,
1372 2028 1435 2077 et
1475 2020 1533 2077 in
1580 2018 1883 2099 Hispania
1921 2039 2058 2079 cum
2099 2018 2419 2079 Cantabris
2461 2020 2858 2099 vaccaeisque

954 2114 1240 2182 Astures3
1286 2115 1391 2174 sed
1430 2115 1535 2173 bos
1575 2114 1852 2174 Statilius
1888 2113 2142 2184 Taurus,
2181 2114 2315 2173 illos
2355 2113 2594 2176 Nonius
2637 2115 2858 2177 Gallus

953 2211 1115 2270 haud
1142 2230 1281 2269 sane
1310 2210 1790 2271 memorabilibus
1813 2210 2034 2291 praeliis
2057 2210 2426 2272 domuerunt.
2509 2213 2686 2272 Alibi
2706 2234 2854 2293 quo-

954 2326 1071 2385 que
1111 2306 1435 2365 secundum
1478 2307 1743 2384 singulas
1785 2308 2056 2366 nationes
2109 2308 2528 2367 tumultuatum
2585 2320 2708 2369 est:
2751 2308 2857 2367 sed

956 2403 1101 2481 quia
1134 2402 1456 2461 mediocres
1488 2412 1684 2462 motus
1711 2412 1902 2472 erant,
1933 2422 2120 2481 neque
2147 2405 2416 2482 patribus
2445 2424 2642 2464 eorum
2677 2424 2860 2466 causa

955 2496 1179 2556 bellum
1218 2496 1529 2557 decernere
1572 2500 1761 2558 visum
1805 2498 1937 2569 fuit,
1973 2499 2154 2558 etiam
2193 2498 2446 2559 historiis
2485 2502 2613 2561 baec
2648 2520 2856 2583 parum

958 2594 1283 2670 argumenti
1310 2593 1616 2653 dederunt.

1040 2694 1140 2751 79.
1179 2690 1273 2747 At
1310 2688 1513 2749 Gaesar
1546 2690 1764 2751 Romae
1804 2693 2100 2771 patrisque
2126 2695 2214 2752 sui
2237 2714 2546 2754 commune
2572 2695 2859 2777 templum

962 2782 1215 2860 (Divum
1240 2783 1469 2844 ,Iulium
1495 2787 1870 2867 appellabat)
1914 2790 1990 2847 ab
2019 2791 2189 2849 Asiae
2215 2792 2446 2872 populis
2469 2795 2631 2874 apud
2659 2795 2859 2875 Ephe·

960 2899 1113 2950 sum,
1160 2900 1199 2939 a
1244 2880 1523 2961 Bithynis
1566 2881 1823 2955 Nicaeae,
1861 2885 2200 2947 clarissimis
2241 2891 2554 2969 utrobique
2595 2892 2860 2962 urbibus,

962 2976 1100 3055 poni
1144 2996 1367 3056 passm,
1406 2998 1479 3037 ea
1520 2980 1761 3039 numina
1799 2982 1982 3041 etiam
2021 2983 2097 3041 ab
2127 2982 2438 3055 Romanis,
2467 2988 2570 3065 qui
2595 2988 2862 3065 regiones

962 3071 1099 3130 illas
1139 3073 1511 3144 babitabant,
1538 3076 1654 3135 coli
1689 3078 1885 3153 jussit.
1971 3078 2050 3138 Se
2093 3080 2280 3160 ipsum
2323 3102 2360 3141 a
2397 3084 2629 3144 civibus
2661 3086 2861 3146 divino

672 3184 874 3234 aneton.
965 3167 1185 3227 bonore
1208 3169 1327 3229 coli
1354 3170 1562 3231 noluit.
1649 3171 1992 3252 Peregrinis
2017 3178 2380 3254 permissum,
2407 3190 2476 3238 ut
2509 3180 2596 3239 illi
2635 3192 2698 3241 et
2727 3182 2862 3241 Ro-

644 3248 775 3312 Aug.
796 3252 878 3297 ⁵²·
966 3284 1079 3323 mae
1106 3264 1327 3345 templa
1350 3275 1698 3337 statuerent,
1731 3268 1990 3331 Asiatici
2009 3273 2246 3351 quidem
2276 3275 2582 3353 Pergami,
2615 3278 2866 3358 Bithyni

672 3373 787 3422 Tac.
812 3372 944 3422 Ana.
970 3357 1365 3421 Nicomediae.
1452 3362 1596 3426 Quo
1629 3363 1770 3422 dato
1801 3365 2101 3447 exemplo,
2129 3370 2283 3430 sicut
2313 3372 2458 3430 nihil
2493 3383 2584 3432 est
2617 3372 2694 3433 ad
2733 3376 2865 3433 imi-

644 3442 823 3551 gffofq'
970 3456 1211 3515 tandum
1254 3455 1596 3516 adulatione
1637 3459 1921 3532 velocius,
1959 3472 2086 3523 toto
2129 3485 2270 3525 mox
2307 3469 2447 3528 orbe
2491 3470 2758 3530 coelestes
2806 3474 2864 3532 ei

676 3564 877 3615 Sueten.
966 3561 1103 3610 sunt
1142 3552 1391 3611 honores
1431 3553 1644 3624 habiti,
1691 3558 2026 3639 passimque
2075 3582 2181 3641 per
2227 3565 2400 3624 urbes
2449 3567 2868 3627 celeberrimas

644 3629 941 3743 *fg-⁶³3⁰·
966 3648 1111 3707 vivo
1127 3658 1470 3729 mortuoque
1492 3652 1826 3713 sacerdotes
1849 3664 1910 3714 et
1934 3658 2190 3736 collegia
2215 3672 2468 3732 sacrata,
2486 3672 2684 3723 erecta
2701 3663 2861 3735 fana,

649 3774 685 3806 1.
708 3762 788 3808 ιο.
805 3768 856 3807 et
874 3760 945 3811 ib.
970 3764 1105 3823 quae
1134 3752 1397 3805 veterum
1430 3745 1692 3808 Deorum
1717 3750 1965 3811 delubra
1999 3753 2181 3814 ferme
2211 3766 2500 3818 structura
2533 3770 2866 3839 ornatuque

648 3822 785 3886 HF*
970 3851 1327 3921 superarent.
1425 3843 1824 3907 Alexandrini
1874 3868 2108 3931 quoque
2163 3852 2498 3915 Sebastium
2559 3868 2866 3919 exstruxe-

1038 4038 1059 4074 r
1083 4030 1192 4081 1100
1211 4066 1223 4080 .
1250 4063 1264 4079 .
1280 4066 1291 4078 .
1310 4032 1630 4085 intermistum
1741 4053 1888 4087 annos
1951 4050 2122 4103 antem
2149 4044 2410 4095 Ciceronis
2433 4046 2498 4097 ad
2522 4049 2656 4097 baruc
2677 4063 2866 4099 anunm

972 4103 1172 4158 quatuor
1192 4104 1237 4145 et
1257 4098 1642 4158 trigintasueroet
1691 4104 1769 4151 De
1792 4106 1884 4153 Sa·
1951 4105 2258 4157 effluxerant
2286 4112 2402 4160 anui
2425 4116 2506 4162 34.
2577 4114 2718 4162 Male
2739 4117 2866 4176 er'go

975 4162 1097 4207 lutis
1130 4164 1338 4215 aum-rio
1374 4164 1473 4210 vid.
1509 4180 1666 4227 supra
1686 4172 1886 4219 cmv.
1949 4172 2032 4219 hic
2065 4173 2332 4235 legebatur
2368 4191 2453 4239 per
2489 4192 2639 4228 annon
2667 4186 2866 4244 quatuor

976 4223 1461 4275 eunoun-Cicerone
1479 4228 1602 4278 illud
1618 4234 1886 4292 augurium
1951 4242 1996 4285 et
2019 4240 2356 4302 quadraginta.
2393 4242 2549 4293 Crev-

975 4288 1293 4337 celebratum
1314 4288 1504 4345 fuerat.
1554 4294 1600 4343 Α
1619 4298 1886 4349 consulam
