3159 4959
612 416 793 485 6&ss
1544 422 1630 483 ’τε
1683 422 1864 482 mvn

934 572 1194 645 eundiae,
1218 582 1282 635 et
1304 575 1383 633 ab
1408 584 1658 655 utroque
1683 576 2034 647 notissimus,
2063 574 2434 634 acerbissime
2461 578 2698 652 questus
2723 576 2870 643 at,

648 674 781 724 Plin.
938 682 959 711 ‘
984 674 1115 751 ejus
1159 672 1419 731 adventu
1454 690 1618 731 reum
1653 672 1769 730 sibi
1803 672 1974 751 eripi,
2011 672 2182 749 cujus
2211 689 2331 729 una
2367 670 2573 749 patina
2595 678 2870 728 centum

616 754 787 855 3³„
803 742 883 789 ι’·
938 768 1177 846 triginta
1201 766 1465 827 convivae
1492 766 1864 826 interissent?
1921 765 1998 824 Id
2023 784 2260 845 quoqne
2285 761 2447 823 civili
2476 765 2672 822 animo
2697 762 2866 821 (ἔω-

934 884 1031 927 sar
1054 862 1215 933 tulit,
1246 882 1319 922 ne
1342 864 1625 923 censoriae
1649 861 1886 942 quidem
1921 863 2230 941 potestatis
2265 860 2698 940 prascriptione
2732 858 2866 917 ho-

939 960 1155 1019 minem
1184 958 1366 1028 ultus,
1394 978 1528 1017 cum
1550 956 1651 1017 ille
1681 966 1813 1037 post
1837 956 2016 1037 paulo
2033 966 2268 1038 propter
2291 954 2626 1015 maleficam
2649 954 2866 1013 vitam

934 1055 1297 1124 defert-etun
1342 1062 1362 1091 ‘
1386 1054 1445 1111 in
1483 1054 1725 1113 civitate
1753 1053 2028 1112 vitiorum
2070 1052 2250 1132 plena
2281 1051 2672 1111 necessariam
2709 1068 2864 1108 eme

940 1151 1219 1211 sermonis
1263 1150 1596 1210 libertatem
1612 1150 1632 1179 '
1670 1149 1970 1209 dictitans.
2053 1148 2236 1209 Circa
2274 1148 2336 1207 id
2379 1156 2608 1226 tempus
2655 1148 2864 1206 etiam

618 1261 919 1378 ἐῖςιιΐεηευ.
938 1258 1264 1328 quaestores
1306 1248 1469 1307 circa
1510 1246 1806 1305 maritima
1851 1238 2054 1305 Italiae'
2085 1244 2220 1304 loca
2270 1244 2605 1324 provincias
2645 1244 2868 1303 sortiri

616 1388 903 1507 ῗᾷῗῗὶιέῗ
934 1354 1135 1499 μῗὲἶ
1164 1340 2078 1516 ἓξὲξζιῖεᾼὲᾏᾚιῖωὲῃῖἶῖωό.
2131 1434 2367 1496 Marcio
2411 1434 2490 1493 c,
2523 1434 2596 1494 F.
2630 1432 2708 1493 o.
2750 1432 2858 1497 Ν.

622 1525 792 1633 ῑῦἔοῖῗ·
940 1532 1292 1603 Censorino,
1320 1530 1397 1593 C.
1426 1532 1644 1593 Asinio
1669 1532 1746 1594 C.
1777 1530 1849 1593 F.
1887 1531 2074 1591 Gallo
2107 1532 2505 1603 consulibus‚‘
2532 1530 2860 1609 Augustas

946 1630 1177 1689 Urbem
1208 1625 1459 1698 introiit,
1500 1627 1664 1707 quod
1697 1627 1892 1691 facere
1927 1630 2086 1708 prius
2124 1637 2364 1707 propter
2402 1627 2628 1687 obitum
2657 1624 2857 1686 Drusi

940 1725 1270 1793 distulerat.
1356 1724 1441 1783 Et
1481 1724 1748 1783 lauream
1790 1722 2032 1803 quidem
2072 1724 2134 1783 in
2177 1724 2428 1783 Feretrii
2475 1722 2646 1781 Jovis
2690 1732 2857 1782 tem-

938 1820 1107 1902 plum
1132 1824 1294 1899 (cum
1320 1820 1380 1879 in
1406 1818 1776 1901 Capitolium
1795 1819 1934 1879 ferri
1959 1819 2174 1879 soleret
2189 1823 2230 1897 ι)
2265 1818 2502 1887 intulit:
2544 1816 2650 1877 sed
2675 1816 2858 1878 nulla.

942 1916 1253 1977 victoriam
1282 1915 1705 1976 Germanicam
1733 1916 1855 1977 alia
1878 1916 2089 1976 laetitia
2111 1915 2434 1976 celebravit
2454 1936 2472 1985 ;
2517 1914 2654 1994 plus
2673 1914 2854 1973 dam-

942 2014 1005 2072 ni
1031 2012 1457 2093 rempublicam
1483 2013 1708 2093 cepisse
1740 2021 1924 2072 morte
1957 2010 2164 2082 Drusi,
2200 2030 2382 2090 quam
2415 2009 2707 2070 commodi
2741 2030 2846 2069 su-

894 2130 903 2139 ·
944 2110 1163 2189 peratis
1184 2110 1472 2179 hostibus,
1510 2109 1841 2189 praeferens.
1925 2108 2217 2167 Consules
2253 2116 2450 2165 tamen
2495 2115 2559 2165 et
2581 2106 2703 2165 alia
2737 2127 2848 2167 cu-

943 2213 1147 2263 rarunt
1173 2206 1461 2285 prosperis
1496 2204 1672 2265 bellis
1697 2205 1936 2263 decerni
1961 2204 2170 2272 solita3
2215 2212 2276 2262 et
2299 2202 2666 2282 captivorum
2689 2202 2848 2261 mul-

942 2296 1257 2359 titudinem
1284 2300 1435 2359 inter
1456 2320 1518 2359 se
1547 2301 1724 2359 armis
1747 2298 1972 2359 infestis
1993 2305 2317 2377 coegerunt
2340 2318 2702 2361 concurrere.

1028 2401 1128 2455 16.
1171 2395 1654 2457 Pulcherrimum
1699 2416 1772 2456 eo
1807 2405 2070 2475 tempore
2111 2395 2439 2455 institutum
2481 2396 2846 2474 excogitavit

944 2488 1153 2551 Caesar
1172 2492 1397 2551 ambitu
1424 2491 1818 2572 reprimendo.
1905 2490 2070 2550 Nam
2101 2499 2164 2549 et
2199 2490 2494 2561 consules,
2533 2500 2596 2550 et
2619 2500 2844 2551 cetero-

942 2602 1073 2645 rum
1115 2588 1562 2664 magistratuum
1599 2586 1861 2667 plerique
1889 2586 2294 2665 largitionibus
2329 2586 2610 2646 honorem
2643 2606 2844 2647 conse-

943 2682 1065 2741 cuti
1093 2680 1451 2741 ferebantur.
1538 2680 1735 2760 Igitur
1772 2681 2083 2759 Augustus
2107 2702 2216 2740 nec
2257 2682 2450 2761 puniri
2475 2681 2670 2741 claros
2693 2684 2845 2743 viros

943 2776 1209 2854 cupiens,
1238 2796 1427 2855 neque
1452 2778 1742 2837 convictis
1763 2778 2051 2837 sustinens
2073 2798 2330 2857 parcere,
2349 2786 2476 2837 tota
2499 2798 2562 2837 re
2577 2778 2844 2838 dissimu-

948 2869 1095 2943 lata,
1134 2872 1195 2930 in
1232 2880 1525 2953 posterum
1561 2890 1600 2932 a
1623 2870 1956 2933 candidatis
1987 2880 2214 2933 certam
2246 2874 2552 2955 pecuniam
2591 2874 2846 2954 pignoris

950 2966 1085 3027 loco
1110 2966 1481 3049 depoposcit,
1495 2986 1672 3049 quam
1692 2968 1796 3047 qui
1818 2967 2194 3046 largitionum
2219 2969 2509 3027 factarum
2529 2976 2686 3029 esset
2707 2990 2842 3028 eon·

950 3060 1284 3135 demnatus,
1312 3065 1627 3124 amitteret.
1693 3062 1842 3123 Hoc
1867 3064 2122 3125 universi
2149 3063 2339 3124 multa
2363 3062 2540 3123 laude
2568 3064 2844 3124 tulerunt.

952 3156 1023 3219 N
1024 3179 1099 3219 on
1126 3160 1284 3220 idem
1324 3161 1585 3220 omnium
1609 3178 1811 3219 sensus
1844 3161 1906 3219 in
1933 3180 2007 3220 eo
2041 3159 2178 3230 fuit,
2203 3160 2365 3239 quod
2390 3168 2561 3220 vetus
2581 3170 2842 3221 senatus-

654 3254 772 3305 Ttss·
792 3250 924 3303 Am·
947 3254 1303 3327 consultum,
1326 3276 1443 3336 quo
1468 3254 1543 3315 de
1569 3276 1738 3317 servo
1765 3256 1824 3314 in
1847 3262 2028 3337 caput
2051 3254 2274 3315 domini
2299 3256 2488 3336 quaeri
2513 3258 2841 3327 vetabatur,

621 3336 693 3433 5¹12}
709 3323 863 3449 ῗῖρῗ
947 3352 1294 3427 excogitata
1318 3350 1525 3411 fraude
1552 3351 2044 3431 circumscripsit;
2073 3352 2124 3411 si
2150 3371 2183 3410 e
2205 3351 2511 3431 republica
2531 3352 2841 3423 videretur,

623 3448 743 3498 Dio.
949 3448 1134 3507 actori
1174 3444 1414 3527 publico
1457 3455 1564 3505 aut
1595 3447 1848 3507 Caesaris
1887 3447 2209 3527 mancipari
2235 3448 2477 3527 jubens.
2561 3446 2705 3509 Hoc
2740 3448 2842 3508 alii

946 3540 1339 3601 calliditatem
1368 3540 1776 3621 appellabant,
1802 3562 1938 3622 quae
1963 3542 2160 3621 legum
2191 3545 2375 3604 verba
2409 3541 2839 3615 calumniando,

937 3641 1045 3721 jus
1092 3638 1457 3698 dominorum
1510 3637 1712 3717 iniqua
1758 3648 1822 3699 et
1871 3638 2098 3699 crudeli
2154 3638 2526 3699 simulatione
2579 3640 2838 3700 tolleret.

950 3734 1376 3797 Prudentiores
1414 3735 1823 3796 necessitatem
1865 3736 2254 3807 excusabant,
2299 3754 2408 3795 nec
2445 3735 2616 3795 aliter
2641 3736 2714 3795 iri
2737 3736 2836 3795 ob·

946 3832 1105 3892 viam
1141 3830 1367 3891 insidiis
1406 3832 1684 3913 potuisse,
1731 3851 1878 3913 quas
1919 3832 1978 3889 in
2031 3830 2196 3890 illum
2232 3842 2412 3913 atque
2473 3834 2838 3911 magistratus

1014 4020 1045 4053 ‘¹
1082 4019 1149 4070 A.
1172 4020 1241 4069 U.
1266 4019 1327 4070 C.
1347 4022 1463 4071 ⁷4⁴.
1508 4020 1597 4072 Ἀ.
1621 4021 1680 4071 C.
1701 4026 1748 4071 8.
1933 4020 2150 4083 phantes
2181 4021 2340 4082 enirn,
2373 4022 2510 4085 quod
2547 4024 2631 4073 vel
2671 4020 2836 4086 pneris

1012 4084 1027 4120 ¹
1063 4086 1185 4134 cm
1206 4085 1259 4133 in
1288 4084 1577 4148 Capitolium
1596 4085 1731 4144 ferri
1749 4088 1868 4135 sole·
1933 4095 2128 4141 notum,
2151 4098 2306 4135 curru
2339 4086 2391 4134 ln
2425 4088 2736 4149 Capitolium
2755 4100 2838 4136 ve·

947 4147 1046 4211 ret]
1076 4148 1183 4199 Dio
1196 4148 1357 4199 habet
1374 4150 1734 4201 tantummodo
1747 4164 1866 4213 ρω-
1933 4149 2204 4207 haba-tur,
2227 4162 2290 4199 ac
2313 4151 2530 4213 proinde
2551 4153 2770 4203 lauream
2784 4153 2836 4202 in

950 4217 1028 4261 ter
1047 4227 1237 4263 norm.
1284 4214 1578 4277 Explicuit
1599 4214 1866 4264 Freinshe-
1933 4213 2250 4279 Capitolium
2269 4212 2582 4267 inferebant.
2621 4218 2760 4269 cm.

953 4276 1107 4342 mino,
1129 4284 1184 4327 et
1206 4286 1351 4329 reete
1384 4279 1609 4344 quidem.
1672 4278 1868 4331 Trium·
