3159 4959
842 480 1052 529 LIBRI
1101 479 1439 529 cxxxiv.
1490 480 1834 530 SU?PLEM
1852 483 2137 533 ENTUM.

380 616 719 682 Romanum
772 620 1013 700 quidem
1062 622 1347 701 populum
1408 624 1487 683 ad
1504 704 1517 717 „
1546 622 1733 682 ullam
1785 624 2276 685 consultationem

379 716 676 796 publicam
726 718 930 776 vocari
990 719 1389 795 cognoverint.
1498 718 1882 779 Prohibenda
1929 721 2112 779 etiam
2168 723 2280 780 erit

377 810 711 871 aedificandi
746 812 1063 892 cupiditas,
1094 834 1167 873 ne
1207 814 1379 894 plura
1415 823 1519 875 aut
1554 816 1960 884 sumtuosiora,
1985 836 2162 894 quam
2201 817 2281 875 sit

378 926 547 986 opus,
594 910 877 967 excitent.
910 900 937 909 ”
982 906 1203 987 Neque
1246 910 1305 967 in
1346 907 1616 968 ludorum
1659 911 1954 990 impensas
1991 910 2132 970 ferri
2171 910 2276 971 de-

378 1002 731 1083 bebit-apud
754 1005 861 1063 hos
886 1003 1016 1063 ulla
1039 1004 1323 1083 profusio,
1350 1024 1425 1062 ne
1450 1025 1557 1083 per
1581 1006 1842 1063 inanium
1866 1026 2056 1065 rerum
2081 1008 2279 1067 studia

376 1107 441 1157 et
472 1097 705 1159 futilem
740 1100 1121 1159 ambitionem
1152 1100 1211 1157 in
1240 1101 1401 1159 rixas
1428 1108 1533 1159 aut
1557 1109 1966 1179 paupertatem
1991 1103 2276 1163 incidant.

380 1192 701 1257 Celebrant
734 1216 877 1255 sane
914 1194 1082 1255 ludos
1116 1195 1401 1276 quosdam
1434 1216 1506 1255 ac
1532 1196 1900 1275 spectacula,
1929 1199 2194 1277 exceptis
2217 1201 2278 1258 in

377 1299 637 1349 nostrum
682 1310 901 1351 morem
946 1294 1351 1373 equestribus:
1398 1292 1507 1352 sed
1550 1294 1855 1364 hactenus,
1902 1314 1974 1353 ne
2017 1304 2120 1354 aut
2159 1314 2278 1354 res-

378 1385 636 1465 publicae
681 1396 785 1447 aut
830 1388 1077 1468 privatae
1118 1388 1329 1447 domus
1372 1388 1787 1448 detrimentum
1829 1390 2119 1457 sentiant:
2175 1397 2281 1449 aut

380 1482 715 1560 peregrinus
752 1482 973 1562 aliquis
1008 1484 1167 1563 apud
1206 1504 1307 1543 eos
1346 1485 1666 1564 quicquam
1703 1484 1816 1544 hoc
1855 1486 2084 1544 nomine
2122 1504 2278 1543 sum-

378 1585 544 1637 tuum
586 1578 803 1649 faeiat;
848 1589 955 1638 aut
992 1581 1263 1639 omnibus
1303 1578 1461 1639 ludis
1498 1581 1750 1639 victores
1783 1582 2108 1660 promiscue
2147 1602 2278 1660 per-

381 1682 560 1753 petua
612 1674 893 1735 alimenta
940 1677 1257 1755 accipiant.
1362 1674 1531 1735 Nam
1579 1674 1909 1756 locupletes
1952 1685 2128 1735 extra
2173 1698 2280 1757 pa-

380 1771 553 1829 triam
587 1792 757 1831 suam
794 1772 1020 1852 aliquid
1058 1772 1393 1853 impendere
1428 1772 1563 1850 cogi
1599 1772 1862 1851 iniquum
1898 1780 2020 1831 est:
2069 1782 2132 1833 et
2153 1793 2280 1832 cer·

380 1868 639 1927 tan‘tibus
688 1868 951 1929 sufficere
1006 1870 1227 1929 debent
1274 1871 1539 1949 praemia,
1589 1890 1724 1948 quae
1775 1869 1968 1929 ubivis
2017 1868 2282 1929 locorum

382 1964 703 2023 constituta
736 1974 906 2024 sunt:
948 1977 1333 2044 praeterquam
1370 1967 1422 2023 si
1458 1966 1561 2043 qui
1590 1964 1876 2045 Olympia
1902 1974 2007 2024 ant
2031 1965 2282 2045 Pythia,

383 2067 489 2117 aut
522 2059 633 2119 hoc
668 2080 850 2137 genus
884 2060 1121 2121 celebre
1156 2070 1451 2120 certamen
1480 2060 1702 2119 vicerit.
1787 2059 1928 2118 Hos
1951 2060 2105 2119 enim
2129 2060 2286 2120 solos

384 2152 671 2214 alimenta
711 2175 923 2235 capere
968 2156 1059 2215 fas
1099 2166 1261 2217 esto:
1314 2176 1388 2214 ne
1434 2156 1706 2215 civitates
1749 2154 1958 2215 frustra
1997 2156 2286 2217 sumtibus
2371 2222 2374 2225 ⁴

382 2258 713 2310 onerentur.
818 2250 1041 2331 Neque
1088 2252 1353 2311 homines
1398 2252 1511 2309 nisi
1556 2251 2018 2330 praestantissimi
2062 2252 2284 2331 quique

386 2354 795 2416 exerceantur,
822 2349 1033 2406 ceteris
1068 2349 1127 2405 in
1160 2346 1279 2405 alia
1305 2348 1417 2405 sibi
1442 2355 1505 2405 et
1530 2347 1774 2426 publico
1797 2346 2034 2405 utiliora
2059 2356 2287 2427 tempus

384 2442 753 2521 impensuris.
838 2442 1149 2503 Circenses
1183 2453 1383 2502 autem
1420 2441 1569 2501 nulli
1609 2442 1855 2502 aliarum
1889 2444 2120 2501 urbium
2155 2462 2286 2522 per-

386 2536 703 2597 mittendos
734 2559 968 2609 censeo,
1008 2560 1085 2599 ne
1122 2559 1341 2623 magna
1363 2540 1453 2598 vis
1486 2537 1753 2618 pecuniae
1779 2540 2172 2618 nequicquam
2199 2540 2286 2597 in-

382 2642 665 2703 sumatur,
690 2643 753 2693 et
778 2636 1111 2713 aurigarum
1136 2635 1347 2694 studiis
1370 2636 1636 2693 homines
1662 2635 1986 2702 insaniant;
2032 2634 2287 2693 maxime

388 2748 549 2799 vero,
576 2750 651 2788 ne
686 2731 895 2810 optimi
930 2733 1151 2810 quique
1190 2731 1328 2810 equi
1366 2730 1563 2789 usibus
1601 2728 1832 2789 bellicis
1867 2730 2286 2789 subducantur.

390 2822 710 2885 Numisma
740 2846 1155 2906 mensurasque
1191 2836 1253 2886 ct
1298 2825 1563 2906 pondera
1601 2825 1840 2885 seorsim
1863 2826 2082 2885 habere
2107 2826 2290 2885 nemi-

386 2936 519 2982 nem
542 2920 739 2981 sinito.
823 2920 1119 2981 Romanis
1144 2930 1399 2982 utuntor.

466 3020 565 3075 55.
608 3024 627 3049 ‘
660 3016 767 3073 Ad
788 3024 847 3074 te
874 3015 1223 3093 legationes,
1248 3016 1361 3073 nisi
1383 3035 1477 3073 res
1501 3015 1838 3091 cognitione
1863 3023 1969 3073 tua
1992 3012 2174 3091 digna
2203 3015 2290 3073 in-

387 3109 618 3179 ciderit,
648 3130 719 3170 ne
758 3112 1030 3171 mittant:
1072 3119 1179 3171 aut
1210 3109 1289 3170 ad
1314 3109 1744 3189 proconsulem,
1769 3118 1878 3169 aut
1899 3108 2158 3186 legatum
2185 3109 2290 3168 de-

384 3206 607 3265 sideria
638 3226 743 3265 sua.
770 3204 1061 3273 deferant,
1090 3214 1269 3285 atque
1300 3205 1349 3263 is
1372 3206 1642 3273 aestimet,
1670 3204 1746 3262 de
1773 3205 1984 3282 quibus
2009 3204 2180 3261 rebus
2213 3203 2292 3262 ad

386 3311 447 3361 te
467 3302 679 3361 referre
696 3300 931 3361 debeat.
996 3300 1143 3360 Hac
1166 3301 1391 3359 ratione
1414 3299 1667 3359 simulet
1685 3300 1972 3358 sumtibus
1996 3308 2291 3376 parcetur,

388 3410 453 3459 et
470 3397 641 3456 malis
668 3398 891 3457 artibus
916 3398 1095 3456 ibitur
1121 3397 1391 3464 obviam;
1440 3414 1832 3475 responsaque
1859 3394 2042 3472 gratis
2065 3405 2128 3452 et
2145 3394 2294 3454 citra

391 3494 672 3553 ambitum
700 3492 1057 3555 auferentur.
1126 3493 1203 3553 In
1224 3492 1465 3573 reliquis
1492 3493 1577 3551 ita
1601 3493 1744 3551 mihi
1765 3490 2056 3550 videberis
2073 3490 2294 3569 optime

390 3589 777 3661 consulturae,
804 3592 854 3649 si
882 3610 1083 3668 regum
1110 3590 1531 3668 nationumque
1560 3588 1786 3665 legatos
1813 3587 2062 3666 primum
2103 3586 2163 3645 in
2190 3607 2294 3646 eu-

394 3684 537 3742 riam
568 3684 925 3755 introducas,
956 3688 1119 3763 (nam
1151 3695 1214 3745 et
1246 3684 1509 3763 alioquin
1546 3681 1926 3760 magnificum
1963 3682 2098 3749 erit,
2125 3702 2296 3741 sena-

393 3788 519 3839 tum
564 3800 755 3841 rerum
794 3784 1053 3843 omnium
1092 3782 1373 3841 arbitrum
1408 3778 1635 3845 videi-ig
1682 3785 1745 3836 et
1771 3777 1964 3855 inique
1991 3777 2298 3853 agentibus

322 3907 327 3911 -
390 3874 607 3937 multos
632 3877 949 3952 resistere,)
974 3876 1189 3935 deinde
1216 3874 1500 3954 quiequid
1528 3872 1820 3950 agendum
1842 3872 1953 3929 erit
1975 3869 2296 3953 secundum

395 3969 576 4049 leges,
616 3990 697 4031 ex
732 3981 969 4032 senatus
1006 3972 1357 4032 auctoritate
1392 3967 1518 4027 fiat.
1604 3966 1707 4025 Sic
1751 3966 1906 4025 euim
1947 3974 2010 4025 et
2041 3965 2300 4043 dignitas

396 4066 629 4147 imperii
665 4069 1028 4136 servabiturz
1076 4077 1138 4127 et
1176 4066 1415 4147 planum
1462 4064 1574 4124 erit
1615 4063 1889 4122 omnibus
1933 4072 2297 4141 certumque,
2361 4080 2368 4087 ·

397 4170 481 4231 te,
506 4164 787 4243 quicquid
814 4165 1109 4233 statueris,
1134 4184 1213 4223 ex
1240 4162 1579 4244 praescripto
1605 4159 1798 4237 legum
1825 4159 2116 4219 statuisse.

478 4266 578 4321 56.
624 4270 641 4296 ‘
674 4259 797 4323 Sed
830 4271 893 4321 et
922 4269 1221 4321 senatores
1256 4260 1654 4339 conjugesque
1690 4274 1889 4315 eorum
1927 4264 2033 4315 aut
2060 4254 2298 4325 liberos,

2425 469 2601 535 5795
