3159 4959
840 406 1047 455 mani
1097 406 1437 455 cxxxiv.
1481 406 1570 455 su
1585 408 2123 457 remansurum.
2425 392 2598 458 5817

384 550 565 611 ioeent
608 550 667 609 in
710 549 1099 628 provinciam,
1124 546 1231 607 sed
1272 555 1551 627 praetores
1591 546 1792 617 etiam,
1815 548 2038 627 quique
2077 567 2278 607 eorum

386 646 523 705 loco
564 646 933 713 haberentur,
974 642 1517 722 comprehenderet.
1604 641 1864 701 Lictores
1903 642 1994 700 his
2032 642 2281 701 totidem

384 748 533 819 quot
554 742 615 799 in
645 739 811 799 Urbe
835 738 1109 799 solebant
1132 758 1437 817 apparere,
1464 739 1742 797 concessi.
1799 737 1904 807 Et,
1925 736 2194 815 quamvis
2221 736 2282 795 in
2336 742 2392 791 L.
2420 763 2458 795 ι.
2483 746 2546 795 de

384 855 493 895 sua
533 844 759 895 tantum
802 836 1107 915 provincia
1152 843 1504 914 potestatem
1548 852 1822 893 exercere
1871 842 2166 912 poterant,
2193 834 2280 891 in·
2303 808 2546 926 23:⁹25&
2563 889 2601 923 ι.

385 932 570 1009 signia
594 940 791 991 tamen
822 931 1051 991 Urbem
1090 932 1303 1008 egressi
1342 950 1593 999 sumere,
1619 928 1968 1007 eademque,
1994 928 2184 989 donec
2220 931 2280 989 in
2305 938 2381 987 tit.
2405 942 2484 985 16.

392 1026 618 1086 Urbem
642 1035 1086 1098 reverterentur,
1115 1028 1361 1086 retinere
1392 1027 1563 1106 jussi.
1649 1024 1774 1085 Sed
1811 1026 1978 1085 initio
2000 1024 2136 1085 duae
2173 1026 2278 1085 ha-

384 1141 513 1181 rum
555 1122 893 1182 consulares
930 1121 1407 1201 appellabantur,
1434 1120 1676 1191 Africa,
1701 1120 1902 1179 demto
1939 1119 2116 1179 Jubae
2153 1140 2282 1198 reg·-
2335 1130 2518 1193 Strabo,

386 1236 499 1283 no;
546 1224 608 1275 et
634 1216 811 1287 Asia,
840 1236 971 1295 quae
998 1224 1205 1294 gentes
1228 1217 1379 1275 intra
1408 1215 1644 1295 Halym
1681 1235 1756 1275 ac
1794 1214 2056 1291 Taurum
2095 1214 2284 1274 conti-
2307 1203 2523 1307 ’13:³¹³‘

388 1312 589 1381 nebat,
626 1314 897 1391 exceptis
924 1311 1341 1389 Gallograecis,
1380 1319 1442 1370 et
1483 1310 1822 1370 nationibus
1846 1309 2134 1389 Amyntae
2177 1330 2284 1390 pa-

388 1408 668 1476 rentibus,
714 1406 1123 1487 Bithyniaque
1167 1427 1239 1465 ac
1284 1406 1676 1485 Propontide.
1761 1404 1985 1463 Decem
2031 1404 2286 1483 reliquas

390 1503 691 1581 praetorias
739 1501 960 1562 fecerat
977 1524 993 1571 ;
1044 1501 1358 1572 Baeticam,
1412 1501 1890 1570 Narbonensem,
1947 1498 2286 1559 Sardiniam

390 1598 675 1676 adjuncta
737 1597 1001 1667 Corsica,
1074 1597 1367 1667 Siciliam,
1438 1597 1774 1676 Illyricum,
1840 1594 2284 1667 Macedoniam,

390 1693 711 1761 Achaiam,
741 1693 982 1752 Cretam
1008 1712 1142 1753 cum
1170 1692 1426 1773 Cyrene,
1456 1694 1744 1771 Cyprum,
1775 1688 2122 1769 Bithyniam
2147 1710 2282 1751 cum

389 1788 757 1867 Propontide
782 1790 1099 1868 vicinaque
1127 1799 1291 1869 parte
1319 1789 1523 1847 Ponti.

468 1890 569 1943 98.
613 1882 767 1943 Suas
806 1893 1001 1943 autem
1051 1885 1387 1963 provincias
1427 1904 1466 1943 a
1504 1905 1565 1943 se
1607 1904 1722 1945 uno
1755 1884 2004 1944 delectis
2041 1882 2286 1943 tradidit
2308 1902 2421 1954 mo,

392 1977 615 2047 Caesar,
670 1977 1075 2057 appellarique
1141 1978 1390 2056 legatos,
1442 1978 1671 2037 etiamsi
1723 1978 1872 2038 forte
1918 1976 2286 2037 consulatum

392 2074 724 2153 gessissent,
753 2073 961 2133 voluit.
1050 2072 1175 2132 His
1200 2092 1313 2132 uon
1344 2076 1650 2153 temporis,
1676 2074 1782 2134 se'd
1808 2072 2130 2134 voluntatis
2164 2090 2286 2130 suae

392 2167 567 2229 modo
608 2168 859 2228 finiebat
884 2169 1088 2229 Gaesar
1128 2177 1478 2248 potestatem
1503 2170 1804 2231 2-miiitari
1828 2169 2034 2228 habitu
2059 2169 2286 2228 cinctu-

392 2285 507 2343 que
554 2264 1008 2343 conspiciendis,
1056 2273 1122 2323 ut
1162 2266 1376 2343 quibus
1422 2266 1479 2323 in
1530 2266 1745 2325 milites
1783 2261 2288 2325 animadvertendi

392 2378 731 2419 concessum
762 2360 867 2436 jus
904 2368 1095 2417 esset:
1141 2359 1203 2418 id
1242 2360 1397 2417 enim
1437 2362 1567 2437 ejus
1595 2362 1901 2439 potestatis
1924 2359 2147 2436 insigne
2173 2366 2284 2425 est,

394 2472 501 2513 nec
528 2453 606 2512 ab
634 2453 769 2513 aliis
792 2461 1123 2533 usurpatur.
1208 2454 1397 2513 Senos
1419 2463 1618 2513 autem
1653 2454 1928 2515 lictores*
1963 2453 2286 2523 habebant,

393 2556 687 2627 quotquot
722 2568 919 2607 eorum
958 2568 1073 2607 non
1113 2558 1305 2608 essent
1338 2550 1648 2608 consulatu
1687 2548 1899 2618 functi,
1935 2542 2114 2627 atque
2148 2547 2286 2606 hinc

392 2644 479 2703 eis
522 2643 677 2723 apud
719 2642 965 2703 Graecos
1002 2663 1213 2702 nomen
1256 2642 1389 2702 fuit.
1474 2642 1653 2723 Saepe
1695 2653 1894 2703 autem
1933 2642 2176 2712 accidit,
2219 2648 2288 2701 ut

394 2738 701 2813 voluntate
740 2740 991 2801 caesaris
1028 2740 1211 2799 etiam
1236 2739 1525 2799 consules
1545 2748 1936 2819 praetoresque
1977 2740 2034 2797 in
2071 2738 2288 2815 magis·

392 2843 550 2894 tratu
584 2856 689 2895 suo
726 2836 1054 2915 provincias
1078 2834 1428 2894 obtinerent.
1514 2833 1684 2894 Idem
1725 2843 1920 2894 tamen
1945 2842 2148 2893 auctor
2171 2831 2287 2892 suit

394 2929 669 2999 instituti,
696 2948 769 2987 ne
806 2930 1203 3005 magistratus,
1238 2929 1507 3007 deposito
1544 2928 1788 2998 honore,
1825 2930 2024 2987 statim
2057 2928 2118 2986 in
2148 2948 2284 3007 pro-
2340 2952 2539 3002 guam,

394 3024 619 3082 vincias
661 3024 1028 3082 mitterentur
1043 3042 1062 3090 ;
1122 3022 1227 3089 sed
1272 3023 1733 3100 quinquennium
1771 3022 1980 3082 saltem
2028 3023 2284 3104 interpo-
2308 3014 2437 3128 ὂιιιὲ·
2457 3022 2539 3067 ⁸⁶·

396 3126 647 3177 neretur.
2413 3112 2428 3129 ⁸

476 3220 577 3273 99.
622 3211 707 3270 Et
746 3211 915 3271 initio
938 3212 1201 3291 quidem,
1228 3230 1565 3291 quanquam
1606 3211 1802 3291 plures
1834 3221 2027 3271 essent
2051 3214 2282 3293 provin-

396 3308 527 3378 ciis,
554 3316 753 3367 tamen
794 3328 995 3367 omnes
1030 3308 1109 3367 ad
1147 3307 1506 3367 sortiendum
1546 3307 2040 3367 admittebantur:
2081 3317 2288 3388 postea

396 3410 633 3483 propter
659 3402 1025 3482 quorundam
1061 3402 1304 3474 delicta,
1334 3403 1538 3465 Caesar
1572 3422 1704 3463 eam
1737 3423 1972 3483 quoque
2007 3424 2128 3464 rem
2163 3423 2289 3463 suae

398 3498 705 3577 potestatis
753 3496 899 3557 fecit
944 3498 1247 3570 hactenus,
1295 3506 1363 3557 ut
1412 3518 1490 3558 ex
1539 3501 1698 3559 omni
1747 3518 1988 3559 numero
2036 3500 2286 3561 totidem

464 3658 490 3693 ι’
522 3660 671 3711 Senos
695 3695 708 3709 .
732 3693 747 3710 .
770 3698 781 3711 .
804 3662 1015 3727 lictores]
1049 3662 1203 3726 Apud
1220 3664 1318 3713 Di·
1370 3676 1488 3728 quo
1533 3670 1818 3729 sequnntur
1858 3664 1995 3729 apud
2039 3666 2282 3729 Dionem,

402 3738 553 3773 onem
570 3726 761 3787 legitur
780 3724 1168 3790 cirroquinque.
1214 3726 1318 3776 Sed
1365 3730 1383 3756 ⁸
1408 3729 1739 3791 magistratus
1771 3730 1884 3778 iilos
1913 3736 1944 3777 'a
1967 3742 2176 3779 numero
2195 3732 2286 3781 lic-

402 3790 583 3838 vitium
605 3802 718 3851 esse
743 3789 793 3838 in
816 3798 939 3839 nota
953 3793 1153 3841 numeri
1174 3798 1319 3840 recte
1370 3799 1540 3840 torum
1573 3806 1760 3842 nomen
1790 3792 1924 3854 apud
1949 3794 2167 3843 Groecos
2195 3796 2286 3843 ha-

402 3853 644 3903 videntur
657 3852 923 3915 judicasse
952 3854 1135 3905 Dionis
1159 3854 1318 3903 inter·
1374 3855 1577 3912 baisse:
1615 3856 2025 3906 emendationem
2060 3856 2287 3910 firmant.

404 3930 523 3981 pres
544 3924 599 3965 ct
620 3916 1019 3967 Freinshemius.
1079 3918 1321 3980 Quinque
1375 3917 1529 3980 Apud
1572 3920 1787 3969 Graecos
1827 3922 1966 3969 'enim
2005 3922 2290 3984 scriptores

402 3982 641 4032 lictorum
700 3981 937 4045 cuiquam
1000 3982 1323 4045 magistratui
1372 3982 1618 4047 frequens
1641 3984 1834 4033 mentio
1855 3992 1932 4034 cst
1955 3984 2286 4047 ἔεαπλεκάη,

404 4044 639 4094 Romano
666 4046 1027 4096 attributorum
1052 4047 1245 4094 nullum
1272 4046 1324 4094 in
1374 4046 1531 4104 nulia,
1563 4048 1700 4110 qiicd
1734 4049 1969 4113 sciamus,
2001 4060 2286 4102 πενταπλα-

404 4116 515 4158 tots
541 4110 770 4158 Romana
793 4110 1009 4159 historia
1033 4108 1322 4172 exemplum
1374 4108 1507 4159 κέων.
1545 4112 1684 4163 Crev-

406 4182 679 4223 oceurrere
722 4174 1061 4223 meminimus.
1128 4170 1229 4223 Sed
1272 4181 1325 4224 et

534 4252 710 4317 Delph-
726 4258 773 4303 et
792 4252 909 4304 Ver.
934 4254 1066 4303 Clas·
1384 4253 1572 4305 bivias.
2339 4262 2400 4314 1⁷
2434 4264 2484 4314 A
