3159 4959
607 472 786 540 ⁵612
1588 480 1657 526 τ.
1706 476 1893 526 mvn

935 643 1203 695 anorum,
1225 642 1342 682 non
1369 628 1711 701 expectato,
1736 618 1926 677 donec
1955 599 2032 674 ad
2057 615 2222 673 lituis
2254 632 2433 673 naves
2458 606 2837 691 appelleren-

933 729 1052 791 tur,
1098 720 1158 778 in
1205 737 1368 778 mare
1415 714 1791 796 prosilirent;
1835 720 1895 770 et
1934 720 2141 770 contra
2186 709 2310 789 pari
2350 708 2545 767 studio
2588 727 2629 767 a
2672 716 2829 767 terra

936 815 1385 882 occurrentium,
1435 814 1587 870 inter
1630 808 1856 868 medios
1894 806 2105 866 fluetus
2142 805 2517 866 cohaererent.
2600 802 2829 882 Neque

935 918 1162 969 tantum
1187 910 1289 987 qui
1331 926 1466 967 suos
1505 904 1827 965 incolumes
1865 912 2228 981 receperant,
2257 899 2649 981 personabant
2672 898 2825 958 laeti-

933 1005 1052 1071 tia;
1095 1002 1199 1063 sed
1252 1001 1578 1079 augebatur
1628 1000 1906 1077 strepitus
1954 1016 2089 1055 suas
2136 997 2315 1055 etiam
2368 1003 2565 1075 partes
2614 1004 2831 1071 agente

935 1097 1117 1157 luem.
1199 1096 1366 1156 Nam
1392 1114 1642 1175 quorum
1666 1094 1823 1152 oculi
1852 1092 2211 1172 propinquos
2250 1091 2465 1149 frustra
2504 1089 2825 1167 requisive-

933 1203 1088 1265 rant,
1113 1212 1248 1253 cum
1289 1192 1430 1251 fletu
1472 1190 1809 1268 gemituque
1845 1188 2253 1248 scrutabantur
2275 1188 2509 1245 omnia:
2552 1194 2623 1243 ut
2644 1187 2825 1243 etiam

933 1291 1148 1370 quibus
1173 1288 1404 1368 propria
1427 1285 1649 1345 d'oloris
1674 1293 1777 1343 aut
1812 1282 2015 1363 gaudii
2034 1284 2058 1319 ⁸
2100 1302 2280 1341 causa
2313 1302 2429 1341 non
2466 1291 2639 1351 esset,
2676 1280 2825 1339 alio-

934 1402 1060 1443 rum
1088 1382 1400 1442 affectibus
1439 1381 1859 1461 abriperentur.
1942 1376 2047 1438 Sic
2072 1388 2133 1437 et
2159 1377 2285 1436 dies
2310 1379 2389 1436 ab
2414 1376 2527 1446 his,
2554 1386 2619 1435 et
2638 1376 2833 1435 noetis

933 1480 1128 1559 major
1151 1486 1369 1538 exacta
1393 1496 1528 1557 pars
1552 1482 1660 1537 est.
2652 1470 2663 1479 ’

1011 1579 1114 1632 40.
1157 1571 1403 1633 Interim
1429 1581 1493 1631 et
1517 1572 1759 1631 aliorum
1802 1569 2103 1627 celebrata
2140 1578 2277 1626 sunt
2314 1566 2646 1645 frequentia
2683 1586 2825 1625 con-

615 1712 661 1761 Α
733 1713 746 1726 .
931 1664 1113 1735 vivia,
1139 1674 1204 1725 et
1243 1666 1591 1745 Pompeius,
1618 1665 1858 1725 admota
1896 1664 1975 1723 ad
2010 1662 2223 1721 molem
2256 1662 2498 1731 hexere,
2528 1660 2825 1719 Coesarem

577 1772 582 1775 '
614 1727 880 1859 offigu-
933 1768 996 1839 et
1019 1761 1350 1821 Antonium
1373 1764 1646 1842 excepit,
1631 1782 1646 1797 ·
1694 1760 1853 1820 baud
1876 1759 2127 1818 infacete
2146 1758 2448 1828 dictitans,
2493 1766 2509 1793 ‘
2528 1757 2591 1815 in
2610 1758 2829 1815 earinis

934 1856 1054 1917 suis
1075 1876 1140 1915 se
1163 1876 1390 1917 eoenam
1416 1857 1581 1916 dare.
1588 1857 1605 1885 ’
1688 1856 1855 1915 Nam
1882 1855 2119 1915 Carina·
2156 1854 2289 1912 loco
2328 1872 2541 1913 nomen
2578 1862 2726 1923 erat,
2766 1854 2827 1911 in

613 1904 910 2017 Virminfin
935 1970 1054 2029 quo
1079 1962 1356 2031 paternas
1377 1954 1509 2030 ejus
1534 1950 1691 2009 aedes
1716 1950 1935 2009 Romae
1961 1952 2103 2008 sitas
2129 1948 2433 2007 Antonius
2470 1948 2825 2027 possidebat.

611 2031 743 2142 2⁸5³·
937 2042 1106 2105 Inter
1129 2046 1304 2125 hujus
1340 2048 1595 2108 convivii
1626 2046 1891 2104 laetitiam
1934 2047 2319 2104 insusurrasse
2354 2044 2653 2123 Pompeio
2690 2042 2829 2103 Me-

610 2110 796 2207 HJ?
935 2138 1190 2200 nodorus
1229 2140 1435 2210 fertur,
1469 2140 1637 2199 nullo
1677 2140 1915 2216 negotio
1948 2144 2079 2217 jam
2122 2138 2253 2201 tolli
2294 2138 2676 2207 adversarios,
2718 2158 2827 2217 pa-

612 2219 826 2335 Appia.
934 2240 1198 2313 tremque
1223 2243 1288 2293 et
1325 2234 1560 2293 fratrem
1587 2233 1872 2292 vindicari
1915 2252 2116 2313 posse.
2158 2242 2337 2312 atque
2372 2232 2497 2301 ille,
2530 2234 2830 2313 paulisper

934 2346 1136 2388 seeum
1175 2330 1567 2399 considerato,
1601 2327 2005 2408 respondisse:
2052 2326 2239 2387 ‘Non
2278 2337 2407 2387 erst
2446 2328 2560 2387 hoe
2596 2327 2831 2387 facinus

933 2422 1240 2499 indignum
1299 2422 1654 2494 Menodoro,
1716 2424 1765 2480 si
1824 2420 2027 2501 perfici
2089 2422 2311 2501 absque
2370 2442 2463 2480 me
2521 2424 2823 2501 potuisset.

935 2514 1124 2573 Nune
1167 2524 1363 2573 autern
1402 2518 1665 2573 contenti
1690 2518 1870 2573 simus
1896 2518 2293 2593 prasentibus.
2378 2516 2519 2576 Nee
2542 2518 2697 2576 enim
2722 2538 2827 2596 pe-

921 2612 1125 2686 jerare
1151 2629 1342 2668 meum
1377 2610 1508 2669 est!
1592 2610 1991 2689 sequentibus
2026 2612 2233 2670 diebus
2260 2611 2557 2671 Antonius
2588 2622 2651 2670 et
2688 2614 2826 2673 (Ζω-

931 2724 1029 2763 sar
1054 2705 1414 2782 Pompeium
1443 2705 1788 2775 invitarunt,
1817 2706 2022 2783 positis
2049 2708 2107 2763 in
2134 2706 2286 2765 mole
2316 2708 2731 2779 tabernaculis,
2760 2718 2829 2768 ut

931 2799 1112 2857 etiam
1159 2798 1217 2856 in
1264 2798 1464 2858 littore
1513 2800 1765 2879 praeberi
1812 2801 2051 2879 epulum
2098 2802 2385 2860 militibus
2428 2811 2655 2881 posset:
2710 2805 2827 2863 nisi

927 2892 1077 2954 forte
1103 2892 1238 2953 ideo
1263 2892 1486 2954 fectum
1513 2903 1625 2965 est,
1654 2902 1721 2952 ut
1740 2904 1946 2953 contra
1970 2896 2358 2975 suspicionem
2384 2896 2463 2955 sd
2489 2916 2696 2956 manus
2720 2898 2824 2957 ha-

929 2989 1138 3047 berent
1161 2986 1449 3067 praesidia.
1535 2988 1676 3047 Nee
1702 2990 1857 3047 enim
1886 2990 2168 3049 hactenus
2187 3000 2317 3049 erat
2332 2992 2653 3050 instaurata
2678 2994 2825 3051 ami-

927 3081 1090 3153 citia,
1133 3091 1199 3141 ut
1237 3083 1486 3143 invicem
1527 3083 1875 3163 simpliciter
1918 3084 2298 3145 confiderent.
2382 3082 2507 3144 Sed
2547 3096 2611 3146 et
2646 3104 2827 3145 naves

929 3186 1098 3237 erant
1122 3186 1356 3257 praesto,
1392 3187 1456 3237 et
1489 3179 1800 3248 satellites,
1830 3180 2057 3258 ipsique
2096 3182 2361 3242 eonvivae
2394 3182 2506 3240 sub
2530 3190 2691 3241 veste
2722 3200 2823 3242 ac-

613 2736 822 2801 Appiam.

923 3273 1100 3332 cincti
1125 3272 1558 3334 discubuerant.

605 3386 722 3461 njo.
764 3387 870 3452 Ap.
1003 3374 1102 3424 41.
1147 3366 1314 3425 Inter
1337 3368 1477 3425 istas
1502 3369 1711 3447 epulas
1731 3370 2011 3449 Pompeii
2028 3372 2177 3443 filia,
2208 3373 2450 3432 Libonis
2486 3373 2699 3452 neptis,
2724 3372 2820 3433 M.

605 3464 738 3515 1²¹⁸*-
929 3457 1226 3518 Marcello
1251 3459 1541 3539 desponsa
1567 3473 1677 3533 est,
1706 3464 1809 3543 qui
1832 3484 2027 3525 sorore
2054 3467 2281 3543 genitus
2308 3466 2585 3538 caesaris,
2616 3476 2679 3528 et
2703 3470 2819 3548 pri·

925 3554 1135 3631 vignus
1178 3554 1428 3616 Antonii
1481 3568 1629 3617 erat.
1712 3560 1972 3620 Postera
2015 3563 2229 3623 deinde
2279 3563 2378 3622 die
2420 3564 2687 3623 eonsules
2736 3566 2822 3624 ita

923 3657 1059 3706 sunt
1083 3648 1396 3728 desig-nati,
1427 3653 1731 3714 Antonius
1754 3666 1817 3716 et
1843 3656 1995 3717 Libo
2020 3679 2036 3726 3
2065 3658 2149 3717 ita
2174 3669 2240 3719 ut
2264 3658 2564 3719 Antonius
2587 3679 2819 3738 quoque

923 3762 1029 3821 pro
1074 3762 1136 3801 se
1177 3746 1556 3807 substitueret
1593 3769 1767 3828 quem
1813 3751 2132 3811 voluisset:
2188 3752 2468 3833 deinceps
2516 3754 2723 3813 Cesar
2759 3763 2824 3813 et

921 3836 1290 3918 Pompeius:
1333 3862 1474 3902 mox
1500 3842 1941 3905 Ahenobarbus
1974 3856 2037 3905 et
2071 3846 2311 3907 Sosius:
2357 3858 2650 3927 postremo
2682 3848 2817 3907 An-

922 3934 1116 3992 tonius
1141 3944 1204 3994 et
1233 3936 1459 4008 Caesar,
1487 3940 1589 4017 qui
1615 3948 1737 3998 tum
1762 3942 1999 4000 tertium
2028 3940 2205 4001 futuri
2230 3944 2517 4015 consules,
2544 3946 2819 4022 rempub-

921 4026 1100 4088 licam
1125 4028 1409 4092 reddituri
1439 4032 1661 4113 populo
1698 4032 1978 4096 Romano
2002 4038 2401 4117 sperabantur.
2486 4038 2605 4099 Sed
2631 4057 2815 4118 appa-

1531 4248 1564 4292 8
1602 4246 1719 4295 odie·
1740 4246 1860 4299 edd.
1875 4254 1997 4299 ante
2012 4250 2163 4301 Crev-
