3159 4959
868 404 1077 452 mnau
1126 402 1476 452 cxxxiii.
1521 403 1864 453 surenam
1883 405 2164 454 surim.
2438 393 2608 455 5731

398 564 579 604 naves
602 563 737 602 suas
760 545 1161 612 constituerat,
1189 543 1347 602 haud
1378 542 1529 602 ultra
1566 543 1758 604 ferens
1781 547 1906 624 spei
1937 548 2286 624 terrorisque
2315 557 2456 608 Oros.

399 640 685 719 ancipites
734 658 947 708 moras,
994 659 1128 699 cum
1166 639 1474 716 sexaginta
1512 640 1633 696 suis
1673 641 1944 705 navibus.
1983 642 2040 698 in
2091 641 2285 700 medio
2312 621 2610 747 Fffrkngi

400 736 781 814 pugnantium
806 735 1001 794 subito
1028 743 1366 814 conspecta,
1384 736 1670 794 exterruit
1689 735 2078 807 Caesarianos,
2097 735 2284 796 donec
2311 749 2426 796 AEn.
2445 755 2609 800 mon.

396 851 529 890 eam
568 831 804 889 minime
830 831 1133 909 pugnandi
1170 831 1367 890 animo
1406 849 1770 910 progressam
1807 831 2284 910 Peloponnesum
2311 811 2604 925 ff‘gffum·

396 945 593 986 versus
628 926 877 986 sublatis
906 925 1219 986 dolonibus
1243 926 1443 1003 fugere
1470 927 2025 986 animadverterunt.
2109 927 2284 986 Forte
2307 939 2440 989 Plut.

394 1022 679 1100 propitius
702 1031 913 1082 ventus
946 1023 1217 1081 subortus
1238 1021 1411 1100 louge
1437 1022 1543 1082 has
1566 1023 1765 1083 statim
1787 1044 1824 1082 a
1849 1023 1982 1082 loco
2011 1023 2108 1082 ubi
2135 1043 2282 1102 pug-

394 1117 643 1176 nabatur
687 1119 1041 1198 abripiebat.
1126 1117 1317 1195 Igitur
1360 1119 1484 1178 sive
1524 1117 1810 1196 deeeptus
1853 1117 2176 1187 Antonius,
2223 1126 2285 1176 et

392 1232 531 1272 suos
567 1213 857 1274 excedere
898 1213 1101 1292 praelio
1144 1222 1326 1281 ratus,
1366 1214 1489 1272 sive
1518 1214 1900 1294 Cleopatram
1927 1223 2284 1293 anteponens
2309 1223 2424 1272 Dio.

392 1309 685 1378 omnibus,
733 1311 859 1389 ipse
906 1329 1141 1388 quoque
1191 1301 1461 1368 detracto
1510 1309 1720 1388 insigni
1760 1311 2050 1389 praetoriae
2091 1314 2282 1383 navis,
2309 1289 2437 1338 ven·
2455 1290 2584 1339 mm·

394 1405 753 1466 Alexandro
780 1405 935 1486 Syro
960 1415 1023 1466 et
1058 1405 1282 1466 Seollio
1316 1406 1575 1485 quodam
1605 1406 1746 1466 solis
1779 1405 2154 1468 familiarium
2179 1429 2278 1470 oo-

393 1501 759 1572 mitantibus‚
788 1502 1039 1562 intendit
1074 1501 1291 1579 fugam.

472 1605 533 1656 4.
577 1597 797 1677 Neque
822 1599 1054 1677 segnius
1078 1599 1474 1670 resistebatur,
1496 1599 1734 1662 nolente
1759 1600 2162 1679 imperatorem
2191 1618 2279 1657 re·
2306 1613 2420 1662 Dio.
2441 1615 2568 1662 Plut.

390 1691 651 1773 linquere
684 1694 893 1765 milite,
930 1715 969 1754 a
1006 1715 1127 1774 quo
1170 1693 1411 1753 relictus
1448 1701 1628 1773 atque
1671 1694 1936 1774 proditus
1969 1697 2095 1775 ipse
2133 1704 2278 1754 erat.
2303 1679 2434 1793 gg&
2453 1742 2584 1791 vell.

388 1789 657 1850 Tandem
698 1791 807 1850 sub
842 1790 1049 1850 horam
1086 1791 1403 1859 decimam,
1430 1790 1726 1850 clamante
1765 1799 1946 1869 atque
1993 1791 2280 1868 rogitante

394 1884 677 1956 Caesare,e
705 1896 721 1922 ⁴
742 1887 913 1963 eujus
946 1887 1123 1964 igitur
1160 1885 1459 1965 auspiciis,
1484 1888 1658 1963 cnjus
1687 1887 1749 1944 in
1777 1888 2026 1963 gratiam
2051 1905 2276 1964 pugna·-

390 1991 521 2042 rent
546 1989 677 2061 post
702 1982 1068 2062 imperatoris
1094 1982 1293 2060 fugam
1311 1981 1351 2038 ἲ·
1378 1982 1480 2042 vix
1508 1982 1732 2042 inducti
1749 1990 1904 2052 sunt,
1927 1991 1996 2040 ut
2011 1982 2276 2042 oblatam

390 2077 543 2138 ultro
566 2079 800 2138 veniam
836 2079 1105 2157 accipere
1130 2079 1469 2138 faterentur.
1552 2077 1710 2137 Pars
1735 2087 1934 2136 tamen
1970 2076 2048 2136 ad
2079 2076 2274 2136 suble·
2299 2107 2416 2158 Dio,

388 2173 613 2234 vendas
636 2195 839 2245 naves,
858 2174 1139 2254 projectis
1152 2175 1213 2233 in
1233 2193 1391 2232 mare
1413 2173 1666 2234 turribus
1683 2183 1862 2253 atque
1883 2177 2274 2249 armamentis,

390 2269 693 2330 abierunt:
721 2273 936 2350 quibus
948 2271 1199 2340 omissis,
1218 2269 1567 2341 Caesariani,
1583 2277 1853 2330 cai-entes
1873 2271 2044 2340 velis,
2065 2280 2126 2328 et
2143 2279 2274 2332 tan-

390 2373 517 2424 tum
551 2365 629 2425 ad
672 2387 929 2447 pugnam
964 2368 1177 2446 parati,
1220 2375 1543 2427 ceterarum
1577 2366 1782 2444 fugam
1821 2365 2102 2446 impedire
2133 2368 2278 2426 satis

386 2463 523 2530 rati,
564 2464 699 2541 jam
749 2462 1035 2522 audacius
1078 2471 1143 2522 et
1182 2465 1461 2542 apertius,
1503 2463 1876 2524 multitudine
1929 2463 2164 2523 navium
2215 2473 2278 2522 et

387 2566 569 2620 vento
608 2559 845 2620 favente
874 2559 1033 2630 freti,
1062 2561 1505 2640 oppugnabant.
1593 2559 1756 2637 Ergo
1779 2558 2069 2619 crudelior
2091 2579 2274 2638 quam

386 2663 560 2716 antea
584 2675 781 2736 pugna
804 2675 929 2715 esse
956 2666 1249 2736 coeperatg
1294 2676 1401 2716 nee
1416 2657 1549 2733 jam
1572 2657 2022 2733 gubernatorum
2049 2657 2272 2718 artibus

386 2758 448 2808 et
470 2769 703 2810 suarum
726 2750 1029 2811 celeritate
1054 2751 1291 2811 navium
1310 2759 1620 2811 contentus
1639 2750 1892 2810 Caesaris
1917 2751 2104 2824 miles,
2123 2772 2265 2812 eon-

384 2842 655 2905 soendere
686 2845 947 2916 hostiles,
986 2855 1047 2905 et
1078 2847 1279 2906 tractis
1313 2847 1373 2904 in
1416 2865 1678 2926 praeceps
1713 2854 1820 2905 aut
1851 2847 2096 2926 repulsis
2129 2867 2266 2927 pro-

384 2941 821 3019 pugnatoribus,
848 2939 1098 3002 evadere
1124 2941 1183 3000 in
1208 2941 1477 3000 tabulata
1500 2941 1814 3001 nitebatur.
1859 2940 1978 3000 Sed
1997 2942 2268 3020 peribant

384 3035 533 3095 inter
573 3037 701 3096 liaee
734 3035 923 3106 multi,
956 3036 1099 3095 dum
1133 3038 1325 3094 eontis
1346 3043 1616 3115 protrusa
1641 3036 1898 3114 navigia,
1924 3045 2030 3095 aut
2049 3037 2266 3096 securi-

378 3132 489 3190 bus
512 3151 690 3202 eaesa,
717 3139 1003 3210 praeterea
1025 3131 1306 3207 conjectis
1330 3131 1389 3188 in
1415 3131 1521 3189 lias
1544 3151 1624 3190 ex
1651 3139 1788 3190 ante
1813 3139 2022 3210 parato
2044 3132 2264 3210 ponde·-

380 3227 537 3286 ribus
586 3235 953 3306 praegravata
1002 3225 1325 3285 fatiscunt:
1395 3225 1522 3295 alii,
1568 3226 1712 3285 dum
1764 3225 2038 3303 praealtas
2089 3245 2268 3286 naves

377 3321 687 3396 scandunt,
714 3324 959 3402 dejecti,
984 3342 1119 3402 pars
1142 3321 1363 3382 collato
1387 3319 1537 3401 pede
1562 3317 1946 3380 trucidantur.

441 3549 465 3577 θ
496 3543 597 3593 Sub
613 3543 773 3592 liorem
793 3545 1035 3606 decimam,
1056 3545 1287 3593 clamante
1356 3543 1546 3593 dentur
1581 3541 1714 3590 haud
1744 3557 1838 3592 sno
1857 3543 1974 3592 loco
1999 3543 2164 3605 posita
2185 3556 2264 3592 es-

377 3613 517 3670 ntqae
549 3610 793 3670 rogitante
826 3609 1041 3672 Caesare]
1080 3610 1284 3657 Plutar·
1352 3623 1430 3670 se,
1450 3615 1505 3658 et
1529 3613 1652 3656 ante
1673 3608 1804 3656 lianc
1836 3607 2058 3658 Castris
2078 3607 2262 3658 adhor-

378 3673 503 3722 chns
545 3673 672 3721 hora
714 3672 917 3721 decima
962 3673 1282 3721 Antonianos
1357 3673 1601 3720 tationem
1629 3671 1931 3721 revocanda.
1981 3673 2098 3721 Nisi
2125 3671 2260 3722 forte

373 3737 717 3799 despondisse
729 3737 949 3785 animum
970 3744 1025 3785 et
1049 3751 1281 3800 pugnan-
1355 3736 1441 3784 aiii
1467 3735 1780 3784 dediderunt
1801 3748 1856 3783 se
1887 3737 2011 3783 liora
2037 3735 2260 3794 decima,

374 3800 427 3848 di
453 3800 774 3850 voluntatem
798 3800 1047 3863 abjecisse
1080 3801 1283 3850 scribit.
1352 3800 1438 3848 alii
1464 3801 1513 3848 in
1540 3813 1712 3848 serum
1749 3799 1872 3859 diei,
1906 3809 2068 3862 atque
2102 3798 2260 3848 etiam

374 3864 606 3913 Velleius
625 3878 826 3928 qnoque
846 3865 1013 3913 innuit
1033 3873 1137 3911 tum
1159 3880 1284 3928 pug—
1353 3865 1404 3911 in
1440 3863 1652 3912 multam
1691 3869 1896 3911 noctem
1919 3869 2262 3911 extraxerunt

374 3929 531 3977 nandi
569 3927 726 3977 finem
763 3927 954 3976 fuctum
994 3943 1129 3987 esse,
1166 3941 1283 3977 cum
1353 3935 1636 3981 certamen,
1655 3932 1714 3975 ut
1731 3925 1950 3974 Orosius
1967 3931 2256 3980 auctorest,

377 3993 680 4042 adhortatus
702 4001 783 4041 est
805 4007 895 4042 eos
919 3993 1089 4041 cnm
1113 3993 1175 4041 ad
1200 4006 1285 4040 ve·
1354 3991 1463 4056 qui,
1516 3991 1854 4040 illucescente
1886 3989 2104 4039 demum
2153 3989 2258 4050 die,

371 4056 509 4107 niam
547 4055 915 4119 accipiendam.
999 4056 1185 4117 Itaque
1223 4070 1285 4104 ea
1356 4056 1622 4104 victoriam
1667 4053 1884 4103 ees-ris
1936 4067 2255 4104 consumma·

370 4135 485 4182 qno
510 4129 693 4185 postea
717 4136 782 4170 ex
808 4121 979 4169 Dione
1012 4120 1285 4168 Freinshe-
1354 4125 1460 4171 tarn
1484 4133 1595 4170 esse
1615 4125 1884 4169 memorat.
1919 4117 2060 4168 Crev-

377 4185 509 4236 mius
546 4185 738 4250 adjecit
774 4197 935 4251 usque
969 4184 1036 4234 ad
1071 4199 1119 4236 e.
1140 4187 1189 4234 8.
1213 4184 1283 4234 vi-
