3159 4959
565 378 740 446 5512

569 1404 778 1468 Appian-

597 2074 697 2123 Dio
719 2080 768 2121 et

567 2136 783 2201 Appinn.

564 2740 776 2803 Appinn.

561 3394 675 3447 Dio.

1543 396 1615 444 '1'-
1658 396 1728 445 m
1744 396 1847 444 vll

887 537 1078 597 donec
1103 538 1302 597 omnin
1325 538 1677 597 emitterent.
1763 537 2075 596 Postremo
2100 553 2301 594 servos
2328 532 2406 594 ed
2428 550 2648 593 remum
2676 530 2773 599 vel

889 633 1030 694 dure
1068 633 1144 692 de
1179 633 1319 701 suis,
1354 632 1474 702 vel,
1510 633 1560 690 si
1592 652 1707 691 non
1742 631 1983 689 idoneos
2018 630 2323 699 haberent,
2364 648 2557 689 emere
2580 631 2773 689 eoacti

887 736 1041 787 sunt.
1085 726 1466 787 Senatoribus
1481 746 1715 805 quoque
1737 727 1963 786 curatio
1986 727 2211 785 viarum
2236 744 2309 783 ea
2331 724 2461 801 lege
2480 725 2773 803 imposita,

889 832 954 882 ut
971 824 1084 883 hoo
1102 824 1281 883 etium
1299 842 1449 882 onus
1468 824 1589 881 suis
1604 823 1891 881 sumtibus
1908 824 2282 879 mstinerent:
2310 819 2461 879 adeo
2480 829 2547 879 ut
2566 822 2773 879 urbani

887 938 1090 979 ornnes
1113 921 1280 979 exuti
1305 918 1713 988 facultatibus,
1746 916 1857 977 soli
1892 916 2171 976 militares
2203 916 2313 974 viri
2340 917 2683 975 immensum
2712 918 2771 973 in

853 1062 862 1069 .
887 1013 1123 1073 modum
1149 1015 1358 1093 opibus
1383 1014 1540 1073 aucti
1565 1013 1801 1073 fuerint.

965 1117 1067 1169 48.
1110 1108 1330 1188 Neque
1371 1110 1524 1168 enirn
1565 1108 1683 1167 illis
1722 1116 1826 1167 aut
1864 1106 2177 1185 stipendia,
2216 1115 2321 1165 aut
2360 1105 2770 1185 imperatorum

884 1206 1128 1284 praemin
1165 1202 1554 1274 sufficiebant,
1598 1212 1702 1263 aut
1744 1222 1851 1281 pro
1882 1200 2147 1262 caedibus
2184 1200 2635 1280 proscriptorum
2664 1220 2771 1260 nu-

885 1310 1123 1359 merntae
1164 1302 1454 1379 pecuniae,
1497 1308 1602 1359 aut
1640 1299 1893 1377 denique
1918 1298 2241 1357 occisorum
2266 1298 2425 1356 bone
2446 1296 2589 1375 ipsis
2610 1296 2773 1357 vilis-

881 1395 1030 1454 simo
1056 1396 1244 1474 pretio
1267 1394 1345 1454 ed
1371 1392 1788 1453 triumviralem
1824 1393 2053 1451 bustam
2089 1390 2350 1451 addicta.
2432 1390 2590 1451 Cum
2612 1393 2769 1451 enirn

886 1490 1276 1569 intelligerent
1295 1491 1408 1549 sibi
1436 1492 1722 1549 obnoxios
1745 1508 1869 1548 esse
1894 1488 2075 1548 duces
2098 1508 2255 1558 suos,
2283 1488 2385 1567 qui
2420 1496 2651 1568 reptem
2676 1506 2773 1547 sr-

887 1587 995 1644 mis
1011 1585 1466 1645 dominationem
1493 1585 1659 1644 nullo
1677 1584 1853 1644 modo
1878 1592 2169 1665 poterent,
2192 1584 2299 1642 nisi
2326 1602 2613 1642 armorum
2632 1602 2771 1661 ope,

885 1684 1151 1752 retinere,
1203 1681 1426 1739 nullum
1467 1690 1575 1757 put
1616 1681 1964 1749 insolentiae,
2010 1688 2115 1739 eut
2162 1678 2433 1739 aviditati
2476 1679 2773 1759 ponebant

885 1776 1144 1847 modum,
1185 1776 1631 1855 indignioraque
1675 1776 1853 1845 ultro,
1894 1794 2071 1855 quem
2117 1794 2249 1853 quae
2280 1775 2665 1852 jubebantur,
2706 1776 2772 1835 in

885 1873 1124 1933 miseros
1147 1874 1307 1932 cives
1333 1870 1612 1951 exempla
1635 1870 1912 1931 edebant.
1996 1869 2445 1929 Interficiebnnt
2476 1871 2630 1929 enim
2656 1890 2772 1931 non

887 1967 1260 2046 proscriptos,
1287 1976 1352 2027 et
1373 1966 1731 2046 diripiebant
1768 1984 1967 2025 eorum
2011 1965 2168 2025 aedes
2208 1965 2421 2043 quibus
2460 1966 2607 2024 nihil
2648 1985 2771 2025 mo·

888 2062 1070 2121 lestiae
1109 2063 1376 2123 exbiberi
1411 2063 1721 2122 voluerant
1748 2062 1997 2123 tresviri.
2078 2060 2189 2120 Ab
2214 2061 2353 2141 ipsis
2378 2080 2613 2140 quoque
2638 2082 2771 2141 pro-

885 2158 1231 2237 scriptorum
1259 2158 1540 2237 petebeut
1565 2157 1789 2228 domos,
1818 2167 1924 2216 aut
1947 2176 2139 2234 agros,
2166 2168 2271 2216 aut
2286 2156 2483 2226 villas,
2508 2166 2615 2217 nut
2634 2178 2770 2217 een-

883 2272 1010 2311 sum
1045 2253 1414 2321 universum:
1459 2262 1564 2311 aut
1606 2252 1876 2331 adoptari
1920 2252 2202 2312 volebant
2242 2271 2283 2311 a
2316 2253 2555 2311 senibus
2592 2254 2769 2323 orbis,

885 2348 1098 2426 quibus
1121 2348 1336 2427 emplae
1361 2349 1749 2426 possessiones
1770 2356 1980 2407 essent.
2049 2348 2361 2407 Postremo
2384 2366 2455 2407 eo
2480 2350 2773 2426 protervis.

883 2451 946 2500 et
988 2442 1346 2521 impudentia
1385 2441 1655 2502 militaris
1697 2442 1999 2521 processit,
2052 2450 2119 2499 ut
2158 2452 2419 2521 repertus
2458 2442 2633 2503 fuerit
2664 2447 2771 2521 qui

886 2534 1128 2595 auderet
1159 2538 1238 2595 nb
1263 2538 1392 2615 ipso
1420 2535 1681 2606 Caesnre,
1709 2536 1903 2595 Attiae
1944 2537 2167 2607 metris,
2210 2556 2343 2615 quae
2378 2546 2503 2597 tum
2544 2546 2771 2597 mortue

883 2641 946 2690 et
965 2631 1204 2711 publico
1227 2631 1428 2692 funere
1451 2632 1615 2692 elatu
1632 2631 1846 2703 fuerat,
1870 2634 2032 2693 bons
2056 2652 2312 2712 poscere.

961 2734 1062 2789 49.
1105 2728 1262 2794 Quae
1301 2728 1544 2789 lieentia
1579 2748 1719 2789 eum
1742 2733 1877 2807 jam
1900 2730 1981 2787 iis·
1994 2748 2231 2808 quoque
2256 2730 2449 2807 gravis
2470 2738 2641 2799 esset,
2666 2732 2771 2809 qui

882 2845 1013 2885 eom
1051 2825 1460 2884 excitaverant
1497 2834 1560 2883 et
1600 2824 1883 2897 eluerent,
1910 2825 2205 2902 negotium
2230 2824 2521 2885 dederunt
2546 2827 2771 2887 tresviri

883 2922 983 2979 uni
1025 2940 1060 2979 e
1105 2920 1462 2990 consulibus,
1507 2930 1574 2979 ut
1610 2922 1672 2979 in
1716 2940 1817 2980 eos
1854 2919 2341 2981 animadverteret
2368 2923 2471 3000 qui
2496 2921 2690 2981 caedes
2708 2932 2772 2981 et

881 3017 1136 3095 rapinas,
1169 3014 1325 3074 ultre
1361 3034 1540 3094 quam
1580 3016 1723 3095 ipsis
1748 3017 2095 3094 imperatum
2121 3014 2331 3086 fueret,
2356 3017 2791 3076 exercuiaeeut..

883 3110 978 3170 At
1012 3110 1114 3170 ille
1139 3130 1256 3170 non
1281 3130 1456 3171 ausus
1479 3111 1699 3171 milites
1736 3112 2043 3189 attingere,
2084 3132 2281 3172 servos
2315 3112 2623 3190 quosdam,
2664 3114 2767 3191 qui

881 3205 1166 3266 militibus
1203 3208 1454 3268 immixti
1499 3207 1629 3286 peri
1668 3225 1802 3266 eum
1844 3207 1915 3265 iis
1954 3208 2120 3267 cultu
2146 3206 2333 3267 multa
2359 3218 2765 3287 peecaverunt,

879 3301 1326 3381 comprehensos
1363 3300 1641 3379 suspendi
1678 3302 1877 3378 jussit.
1974 3301 2051 3362 In
2098 3302 2205 3363 illa
2244 3302 2499 3363 colluvie
2548 3321 2763 3371 rerum,

879 3396 1042 3472 virgo
1081 3394 1348 3454 Vestalis
1379 3394 1651 3473 quaednm
1688 3396 1798 3455 sub
1834 3404 2065 3457 noctem
2099 3417 2136 3456 n
2178 3418 2347 3459 eoenu
2388 3398 2619 3457 rediens
2659 3396 2765 3455 do-

881 3508 1061 3561 mum,
1086 3509 1245 3560 eum,
1274 3508 1406 3569 quae
1433 3498 1587 3549 esset
1610 3490 1987 3567 ignoraretur,
2020 3493 2137 3551 vim
2174 3512 2348 3572 passa
2383 3492 2595 3551 fueret.
2664 3491 2763 3549 Ex

878 3586 992 3644 hnc
1011 3587 1180 3644 unius
1195 3584 1462 3645 Vestalis
1480 3586 1697 3663 injurie
1710 3586 1991 3665 quaesitus
2004 3595 2093 3646 est
2104 3588 2433 3647 sacerdotio
2452 3588 2563 3667 ipsi
2584 3587 2769 3645 honos

880 3700 951 3740 ac
978 3680 1335 3760 praesidium,
1361 3680 1683 3758 datumque
1708 3680 2053 3743 Vestalibus
2082 3691 2147 3741 ut
2186 3684 2428 3762 singulis
2462 3683 2766 3741 lictoribus

879 3784 1197 3836 uterentur.

957 3878 1056 3931 50.
1087 3872 1250 3933 Inter
1273 3883 1365 3935 tot
1387 3874 1635 3944 atrocia,
1656 3894 1789 3934 cum
1816 3884 1903 3933 tot
1924 3875 2373 3934 clarissimorum
2392 3874 2613 3935 civium
2628 3894 2761 3933 san-

878 3969 1050 4045 guine
1092 3968 1346 4029 Caesaris
1383 3970 1653 4029 manibus
1690 3972 1917 4031 tresviri
1963 3969 2220 4041 litarent,
2260 3970 2495 4030 divinos
2526 3964 2763 4050 quoque

879 4062 938 4119 in
965 4082 1098 4121 eum
1127 4065 1372 4124 honores
1395 4086 1594 4125 omnes
1617 4066 1793 4126 variis
1830 4067 2084 4128 decretis
2114 4076 2560 4143 congesserunt:
2603 4086 2760 4145 quae,

880 4166 1110 4216 extorta
1137 4179 1239 4237 per
1259 4162 1399 4232 vim,
1425 4171 1487 4222 et
1511 4164 1693 4241 impia
1723 4160 2057 4223 adulatione
2085 4160 2459 4242 propudiosa,
2484 4183 2559 4223 ne
2598 4161 2761 4223 fasti-
