3159 4959
1213 468 1702 519 FRAGMENTA.
2378 456 2552 519 5917

364 616 655 700 quentiae
704 616 969 681 auditus
1027 615 1261 680 fuerat.
1346 614 1492 677 Vix
1553 614 1926 679 attollentes
1977 612 2188 697 (prae)
2241 615 2552 699 lacrymis

363 718 595 781 oculos
627 720 923 781 homines
953 717 1199 782 intueri
1232 717 1561 779 trucidata
1591 716 1886 779 membra
1912 716 2055 798 ejus
2087 723 2420 798 poterant.

368 840 379 855 ·
448 816 652 881 Vixit
684 831 818 882 tres
866 825 934 881 et
983 818 1335 899 sexaginta
1382 835 1615 897 annos,
1665 826 1764 893 ut,
1810 817 1868 879 si
1916 819 2020 881 vis
2069 817 2420 897 abfuisset,
2469 838 2550 883 ne

366 918 719 983 immatura
740 918 1011 1001 quidem
1038 938 1217 982 mors
1252 908 1459 982 videri
1484 920 1738 1001 possit:
1783 920 2115 1000 ingenium
2139 926 2204 983 et
2225 920 2551 1002 operibus

364 1026 429 1083 et
466 1021 763 1102 praemiis
796 1039 1073 1103 operum
1116 1018 1327 1084 felix:
1370 1020 1519 1102 ipse
1568 1020 1858 1083 fortunae
1903 1019 2017 1084 diu
2067 1039 2434 1103 prosperae,
2486 1030 2558 1089 et

360 1122 427 1184 in
457 1121 651 1205 longo
680 1126 909 1185 tenore
936 1120 1275 1184 felicitatis
1322 1122 1577 1202 magnis
1623 1122 1882 1185 interim
1926 1122 2100 1186 ictus
2144 1122 2554 1199 vulneribuS,

362 1222 595 1298 exilio,
648 1223 844 1291 ruina
902 1224 1192 1304 partium
1253 1242 1375 1304 pro
1430 1222 1678 1305 quibus
1737 1230 2033 1300 steterat,
2107 1223 2267 1287 filiae
2321 1229 2553 1301 morte,

363 1324 557 1386 'exitu
590 1335 730 1386 tam
759 1324 937 1386 tristi
969 1332 1171 1406 atque
1200 1322 1465 1387 acerbo.
1555 1322 1872 1386 Omnium
1905 1325 2335 1387 adversorum
2363 1325 2550 1401 nihil,

364 1430 440 1488 ut
470 1424 614 1489 viro
646 1424 917 1505 dignum
946 1432 1108 1501 erat,
1157 1426 1307 1490 tulit
1349 1433 1596 1508 praeter
1643 1435 1965 1507 mortem;
2011 1446 2161 1511 quae
2193 1444 2344 1489 vere
2381 1428 2553 1489 aesti·

366 1525 567 1588 manti
596 1527 811 1588 minus
860 1525 1127 1607 indigna
1167 1527 1373 1590 videri
1421 1527 1661 1609 potuit,
1711 1528 1892 1611 quod
1926 1547 1966 1591 a
1998 1529 2248 1593 victore
2281 1527 2550 1591 inimico

366 1626 461 1689 nil
517 1628 847 1691 crudelius
896 1648 1143 1711 passus
1202 1638 1361 1706 erat,
1420 1648 1618 1711 quam
1679 1630 1860 1711 quod
1919 1630 2215 1713 ejusdem
2265 1628 2549 1692 fortunae

365 1747 650 1812 compos
680 1730 827 1812 ipse
855 1730 1149 1796 fecisset.
1234 1731 1310 1794 Si
1340 1732 1491 1815 quis
1534 1738 1762 1794 tamen
1805 1731 2158 1795 virtutibus
2191 1730 2358 1793 vitia
2391 1750 2550 1813 pen-

365 1830 555 1907 sarit,
582 1832 684 1895 vir
714 1852 1012 1912 magnuS,
1037 1852 1210 1909 acer,
1240 1834 1692 1897 memorabilis
1724 1832 1870 1909 fuit,
1901 1839 1967 1895 et
1998 1832 2065 1894 in
2095 1832 2294 1915 cujus
2316 1831 2552 1895 laudes

362 1931 867 2016 persequendas
891 1932 1219 1997 Cicerone
1250 1936 1595 1998 laudatore
1627 1954 1802 2015 opus
1833 1934 2053 1997 fuerit.

450 2030 543 2089 M.
574 2030 801 2093 Seneca
827 2031 1062 2093 Suasor.
1093 2048 1220 2092 vn.
1268 2032 1369 2091 Cf.
1400 2030 1590 2093 Gron.
1621 2031 1797 2091 Obss.
1829 2047 1922 2091 ιν.
1951 2038 2048 2091 13.
2081 2052 2138 2111 p.
2168 2036 2309 2091 213.

1111 2230 1214 2277 AD
1264 2228 1408 2276 Lm.
1455 2228 1805 2278 cxxxnl.

372 2410 381 2416 ,
459 2346 697 2410 Livius
726 2346 943 2421 refert,
975 2346 1428 2430 Cleopatram,
1461 2368 1610 2412 cum
1645 2350 1732 2412 ab
1763 2351 2076 2427 Augusto
2106 2354 2309 2430 capta
2337 2348 2554 2412 indul·
2665 2324 2682 2335 ’

372 2447 631 2529 gentius
682 2449 767 2512 de
810 2448 1135 2513 industria
1159 2458 1573 2527 tractaretur,
1603 2448 1958 2515 identidem
2001 2447 2220 2511 dicere
2270 2450 2556 2527 solitam,

372 2550 431 2609 οὐ
462 2546 937 2631 θριαμβεύσομαι,
966 2570 1097 2616 non
1128 2552 1602 2635 triumphabor.

454 2648 679 2720 Acron,
724 2651 1085 2731 Porphyrio,
1126 2664 1189 2711 et
1232 2660 1657 2711 commentator
1701 2659 1866 2710 vetus
1911 2648 2163 2727 Cruquii
2209 2646 2286 2707 ad
2334 2646 2555 2707 Horat.

377 2748 497 2809 Od.
524 2766 573 2813 ι.
604 2758 701 2814 37.
731 2756 830 2812 30.
874 2750 973 2811 Cf.
1006 2749 1163 2811 Flor.
1195 2764 1288 2810 lv,
1316 2756 1413 2808 11.
1442 2758 1594 2808 extr.

556 3010 692 3069 111.
752 3007 1168 3069 INCERTA
1212 3006 1339 3065 EX
1384 3004 1736 3073 QUIBUS
1782 3002 2018 3065 LIVII
2064 3000 2372 3063 LIBRIS

1101 3116 1540 3179 DESUMTA
1586 3116 1820 3179 SINT.

464 3290 590 3355 Vir
618 3292 861 3374 ingenii
894 3292 1111 3373 magni
1142 3291 1380 3373 magia,
1415 3307 1618 3374 quam
1647 3287 1829 3350 boni.

460 3389 690 3451 Seneca
711 3393 787 3451 de
812 3392 917 3452 Ira
943 3408 992 3453 1.
1023 3397 1121 3451 16.

470 3488 818 3569 Profiteor,
863 3490 1084 3555 mirari
1136 3508 1273 3565 me,
1323 3486 1411 3552 Τ.
1466 3483 1755 3560 Livium,
1825 3486 2160 3546 auctorem
2207 3472 2565 3540 celeberri-

381 3592 585 3668 mum,
615 3593 681 3663 in
704 3593 1129 3657 historiarum
1152 3609 1443 3668 suarum,
1473 3606 1648 3671 quas
1675 3583 1913 3668 repetit
1934 3582 2022 3646 ab
2047 3578 2304 3660 origine
2334 3575 2559 3650 Urbis,

383 3694 669 3776 quodam
734 3694 1070 3759 volumine
1132 3694 1233 3757 sic
1289 3710 1599 3756 exorsum
1633 3708 1652 3751 t
1721 3686 1902 3751 Satis
1947 3682 2087 3766 jam
2150 3678 2280 3742 sibi
2334 3675 2560 3757 gloriae

382 3788 759 3878 quaesitum,
782 3803 851 3858 et
873 3798 1178 3877 potuisse
1204 3814 1279 3859 se
1311 3792 1631 3869 desinere,
1656 3789 1724 3851 ni
1749 3786 2012 3850 animus
2035 3780 2297 3864 inquies
2328 3792 2563 3860 pasce-

384 3903 562 3960 retur
592 3915 814 3978 opere.

464 3997 633 4055 Plin.
662 3996 720 4055 in
750 3994 1001 4054 Praefat.
1029 3995 1134 4054 lib.
1164 4010 1211 4053 1.
1256 3992 1425 4052 Hist.
1454 3990 1609 4050 Nat.

467 4093 552 4159 T.
587 4093 823 4157 Livius
855 4112 936 4157 ac
958 4090 1199 4175 Nepos
1222 4089 1569 4156 Cornelius
1599 4082 1978 4151 latitudinis
2005 4077 2186 4163 (freti
2207 4074 2570 4157 Gaditani)

386 4195 825 4274 tradiderunt,
877 4194 997 4258 ubi
1038 4192 1405 4267 minimum,
1458 4196 1718 4272 septem
1771 4184 1982 4248 millia
2027 4194 2391 4266 passuum3
2453 4176 2567 4243 ubi

386 4310 545 4363 'vero
576 4298 959 4379 plurimum,
994 4294 1231 4359 decem
1260 4290 1494 4355 millia.

390 4396 397 4403 ’
470 4396 637 4458 Plin.
676 4394 927 4459 Praefat.
954 4394 1059 4455 lib.
1098 4408 1209 4454 111.
1252 4390 1421 4453 Hist.
1451 4388 1606 4449 Nat.
