3159 4959
661 427 835 495 3918
1603 447 1672 494 τ.
1717 447 1906 499 mvn

750 585 1127 669 completis
1168 586 1590 653 consulibus.

745 683 914 745 Serv.
940 685 1021 747 ad
1046 685 1217 765 Virg.
1255 685 1477 765 Georg.
1508 704 1619 748 111.
1648 696 1704 749 1.
1775 678 1780 683 ’

748 780 982 847 Verba
1007 792 1183 857 sunt,
1213 791 1287 847 ut
1306 784 1626 849 habemus
1649 790 1716 849 in
1745 785 1967 863 Livio,
1999 786 2420 869 imperatoris
2445 787 2870 870 transfugam

656 882 1041 965 recipientis
1072 884 1135 947 in
1169 885 1391 963 fidem,
1435 890 1456 921 ‘
1490 886 1824 971 Quisquis
1853 908 1950 965 es,
1989 896 2213 953 noster
2239 886 2419 953 eris.'

742 979 913 1043 Serv.
941 983 1017 1041 ad
1050 982 1225 1061 Virg.
1250 985 1387 1045 AEn.
1418 1000 1496 1046 11.
1528 993 1666 1054 1418.

744 1078 1069 1162 Impubes
1101 1081 1417 1164 libripens
1448 1102 1601 1149 esse
1623 1104 1754 1149 non
1781 1092 2028 1168 potest,
2058 1104 2278 1168 neque
2307 1085 2645 1149 antestari.

737 1178 1032 1239 Priscian.
1061 1182 1164 1241 lib.
1195 1199 1351 1242 vm.
1381 1183 1651 1244 Gramm.
1679 1205 1738 1264 p.
1767 1190 1904 1247 792.
1991 1183 2089 1243 De
2109 1204 2280 1243 sensu
2305 1184 2515 1243 borum
2539 1184 2860 1245 verborum

656 1296 713 1337 v.
758 1276 913 1336 viros
956 1276 1161 1338 doctos
1209 1278 1289 1339 ad
1337 1280 1475 1339 Caii
1514 1278 1778 1341 Institut.
1831 1297 1877 1339 1.
1925 1281 2017 1339 tit.
2068 1287 2128 1340 6.
2177 1301 2236 1359 p.
2285 1285 2386 1342 57.
2428 1287 2526 1339 58.
2581 1288 2642 1339 et
2694 1280 2857 1359 inpr.

658 1371 913 1435 Gerard.
970 1377 1296 1435 Meerman.
1338 1377 1398 1435 in
1444 1375 1606 1435 Diss.
1647 1374 1723 1435 de
1771 1376 1980 1435 Rebus
2019 1374 2298 1456 manicipi
2340 1384 2402 1433 et
2441 1395 2549 1435 nec
2589 1374 2856 1455 mancipi

656 1475 683 1543 §
708 1476 848 1532 268.
876 1480 941 1531 et
974 1478 1115 1535 273.

740 1567 1209 1653 Imperatorem
1242 1588 1350 1632 me
1380 1574 1592 1633 mater
1623 1588 1792 1642 mea,
1825 1586 1959 1632 non
1985 1566 2376 1632 bellatorem
2409 1568 2687 1650 peperit.

736 1664 881 1728 Hoc
948 1668 1242 1749 Scipionis
1300 1668 1527 1726 dictum
1593 1688 1669 1726 ex
1729 1667 1902 1727 Livio
1959 1667 2165 1727 afferre
2213 1666 2447 1727 videtur
2503 1665 2856 1725 Guilelmus

656 1760 1197 1823 Malmesburiensis
1225 1762 1371 1824 Rer.
1400 1762 1590 1841 Angl.
1623 1763 1725 1822 lib.
1758 1779 1834 1822 11.
1868 1784 1926 1842 p.
1957 1770 2097 1823 162.

738 1860 872 1927 Die
936 1864 1123 1939 mihi,
1182 1882 1334 1927 cum
1384 1880 1841 1945 saepenumero
1907 1862 1975 1926 in
2023 1860 2349 1925 Romanis
2399 1858 2696 1924 historiis
2748 1858 2847 1921 le·

652 1971 862 2045 gatar,
905 1965 1105 2029 Livio
1136 1973 1433 2041 auc-tore,
1486 1964 1865 2046 saepissime
1911 1964 1977 2027 in
2005 1964 2129 2027 hac
2161 1960 2344 2025 Urbe
2372 1966 2602 2025 exorta
2633 1960 2851 2043 pesti—

648 2065 853 2130 lentia
880 2066 1136 2131 infinita
1160 2066 1501 2131 hominum
1532 2066 1744 2129 millia
1774 2066 2158 2148 deperiisse,
2187 2070 2390 2147 atque
2417 2081 2500 2126 eo
2533 2062 2845 2145 frequen-

650 2172 749 2231 ter
781 2178 1075 2245 ventum,
1117 2176 1191 2231 ut
1239 2169 1356 2232 vix
1396 2174 1596 2245 esset,
1636 2169 1812 2232 unde
1853 2168 1991 2231 illis
2035 2166 2375 2230 bellicosis
2413 2164 2844 2247 temporibus

645 2272 977 2335 exercitus
1010 2270 1337 2352 potuisset
1365 2270 1630 2345 ascribi,
1661 2269 1778 2332 illo
1813 2275 2113 2349 tempore
2150 2268 2292 2331 Deo
2320 2274 2437 2330 tuo
2469 2266 2842 2332 Februario

646 2370 912 2435 minime
941 2372 1307 2437 litabatur?
1378 2372 1483 2434 An
1516 2370 1722 2436 etiam
1753 2368 1978 2434 cultus
2009 2368 2118 2433 hic
2143 2367 2408 2433 omnino
2437 2367 2599 2431 nihil
2629 2368 2836 2450 prod-

644 2472 837 2535 erat‘t
932 2474 1056 2537 Illo
1086 2480 1381 2557 tempore
1428 2472 1831 2555 Lupercalia
1873 2490 2002 2535 non
2051 2468 2604 2534 celebrabantur?
2681 2467 2838 2534 Nec

644 2574 813 2637 enim
848 2573 1141 2638 dicturus
1186 2594 1281 2655 eS,
1332 2575 1475 2639 haec
1525 2593 1714 2638 sacra
1755 2574 1972 2637 adhuc
2015 2572 2133 2636 illo
2179 2579 2480 2653 tempore
2517 2588 2650 2634 non
2683 2590 2834 2635 coe·

643 2675 855 2755 pisse,
907 2695 1062 2757 quae
1105 2683 1257 2739 ante
1302 2676 1665 2739 Romulum
1714 2675 1801 2739 ab
1840 2672 2152 2737 Evandro
2198 2674 2264 2737 in
2305 2670 2576 2737 Italiam
2617 2674 2832 2756 perbi-

640 2777 879 2840 bentur
934 2776 1143 2838 illata.
1234 2775 1636 2857 Lupercalia
1693 2784 1912 2838 autem
1973 2782 2246 2858 propter
2295 2774 2456 2857 quid
2515 2774 2832 2839 instituta

640 2874 795 2953 sint,
838 2880 1181 2959 (quantum
1228 2874 1312 2939 ad
1360 2875 1573 2959 ipsius
1622 2876 2118 2959 superstitionis
2149 2884 2530 2939 commenta
2561 2894 2828 2956 respec-

640 2974 841 3060 tant,)
864 2976 1101 3041 Livius
1133 2978 1427 3043 secunda
1458 2978 1710 3043 decade
1733 2979 2062 3061 loquitur:
2107 2997 2224 3043 nee
2251 2986 2526 3061 propter
2551 2978 2826 3041 morbos

636 3078 1025 3143 inhibendos
1055 3079 1359 3144 instituta
1390 3090 1897 3155 commemorat,
1935 3079 2052 3145 sed
2098 3085 2366 3163 propter
2409 3079 2822 3143 sterilitatem

635 3179 1007 3258 mulierum,
1050 3200 1203 3263 quae
1233 3193 1389 3247 tunc
1419 3183 1782 3259 acciderat,
1812 3180 2304 3246 exsolvendam.

718 3277 817 3339 Ex
865 3278 1094 3340 Gelasii
1134 3281 1331 3363 Papae
1371 3282 1562 3363 Epist.
1606 3281 1887 3343 adversus
1927 3282 2421 3343 Andromachum
2465 3280 2523 3339 in
2575 3279 2822 3339 Baronii

634 3374 863 3436 Annal.
895 3378 1129 3439 EccleS.
1155 3378 1234 3437 ad
1260 3398 1314 3437 a.
1341 3386 1481 3439 496.
1508 3398 1668 3439 num.
1695 3384 1792 3437 35.

631 3636 755 3699 IV.
852 3634 1081 3695 ALIA
1146 3635 1357 3703 QUAE
1424 3638 1561 3698 AN
1628 3636 1866 3698 LIVII
1937 3636 2152 3699 SINT
2211 3636 2556 3701 NOSTRI
2623 3636 2814 3698 AU‘r

708 3748 1005 3809 CERTE
1074 3748 1205 3809 EX
1264 3748 1718 3813 HISTORIA
1783 3750 1998 3813 EJUS
2064 3750 2606 3827 DEPROMTA,
2651 3750 2810 3810 DU-

707 3858 949 3919 BIUM
992 3858 1172 3919 EST.

706 4046 913 4127 Apud
942 4048 1301 4133 nympham
1333 4048 1637 4115 Atlantis
1667 4052 1874 4118 filiam
1906 4052 2376 4139 Calypsonem.

702 4145 993 4207 Priscian.
1022 4147 1127 4208 lib.
1156 4164 1249 4209 V1.
1280 4148 1544 4211 Gramm.
1572 4172 1632 4231 p.
1659 4160 1799 4212 685.

706 4242 791 4306 Et
818 4244 1185 4326 reparando
1209 4266 1567 4329 suggressu
1592 4269 1788 4315 manu
1811 4251 1985 4317 haud
2011 4272 2250 4335 magna
2267 4248 2498 4319 Allifae
2523 4256 2798 4337 moenia,

618 4345 813 4429 quasi
840 4344 1079 4430 palans
1110 4349 1523 4431 perveniens,
1570 4368 1658 4415 ex
1699 4351 1952 4435 oppido
1981 4352 2204 4421 bellua
2231 4352 2560 4424 instructa
2586 4376 2797 4424 arma-
