3159 4959
1104 463 1499 513 msnomm
1554 464 1766 513 mvn.
2354 446 2528 511 5939

1198 730 1381 795 LIB.
1456 726 1670 793 XIV.

428 916 723 1002 Pyrrhus
766 916 837 980 in
886 914 1191 981 Siciliam
1240 912 1525 996 trajecit.
1613 910 1786 976 Cum
1825 912 1998 978 inter
2039 913 2175 979 alia
2214 914 2526 999 prodigia

340 1018 611 1083 fulmine
660 1016 989 1100 dejectum
1040 1018 1225 1079 esset
1261 1012 1330 1075 in
1370 1010 1708 1093 Capitolio
1745 1010 1792 1076 J
1796 1014 1948 1077 ovis
1996 1014 2275 1097 signum,
2321 1020 2560 1097 caput-

337 1120 483 1203 ejus
523 1139 646 1205 per
670 1117 1059 1198 haruspices
1088 1116 1428 1179 inventum
1466 1121 1596 1178 est.
1683 1112 1925 1179 Curius
1966 1116 2327 1195 Dentatus,
2369 1135 2526 1180 cum

336 1220 660 1283 delectum
689 1210 981 1294 haberet,
1021 1214 1193 1299 ejuS,
1237 1216 1353 1298 qui
1389 1215 1640 1279 citatus
1685 1235 1814 1279 non
1855 1215 2312 1299 responderat,
2342 1218 2527 1281 hona

340 1321 596 1402 primus
624 1326 643 1357 ¹
691 1315 1037 1383 vendidit.⁸
1107 1314 1431 1400 Pyrrhum
1454 1316 1727 1380 iterum²
1777 1336 1870 1381 ex
1897 1317 2231 1383 Siciliain
2261 1318 2530 1382 Italiam

339 1438 683 1484 reversum
735 1418 921 1495 vicit,
978 1423 1044 1481 et
1106 1415 1312 1482 Italia
1360 1418 1647 1500 expulit.
1737 1416 2094 1483 Fabricius
2155 1438 2392 1483 censor
2441 1418 2530 1487 P.

342 1519 725 1585 Cornelium
780 1518 1096 1584 Rufinum
1150 1518 1573 1582 consularem
1633 1524 1872 1583 senatu
1927 1520 2158 1598 movit,
2218 1520 2398 1605 quod
2459 1520 2522 1583 is

340 1621 566 1684 decem
614 1620 840 1703 pondo
882 1618 1129 1701 argenti
1156 1626 1175 1665 ³
1225 1619 1384 1683 sacti
1414 1620 1705 1683 haberet.
1794 1620 2042 1686 Lustro
2072 1641 2113 1686 a
2146 1621 2527 1685 censoribus

340 1720 633 1813 condite,
692 1739 894 1785 censa
948 1727 1104 1784 sunt
1162 1722 1389 1803 capita
1448 1720 1693 1783 civium
1750 1721 2040 1787 ducenta
2099 1722 2528 1805 septuaginta

338 1840 543 1887 unum
594 1821 863 1893 millia,⁴
905 1821 1198 1887 ducenta
1245 1822 1479 1903 viginti
1522 1828 1833 1905 quatuor.
1933 1822 2104 1887 Cum
2159 1822 2528 1887 Ptolemaeo

338 1922 619 2004 AEgypti
651 1942 798 2004 rege
826 1921 1122 1986 societas
1153 1921 1397 2005 juncta
1433 1928 1557 1984 est.
1645 1922 1931 1986 Sextilia
1972 1924 2158 2003 virgo
2195 1920 2528 1999 Vestalis,

340 2022 651 2085 damnata
679 2022 939 2099 incesti,
989 2022 1147 2095 viva
1174 2018 1448 2085 defossa
1476 2028 1606 2085 est.
1697 2022 1998 2087 Coloniae
2031 2021 2344 2086 deductae
2374 2029 2530 2086 sunt

341 2119 713 2187 Posidonia
742 2129 812 2186 'et
840 2118 1114 2186 Cosa-⁵¹²
1164 2120 1805 2205 Carthaginiensium
1842 2124 2082 2189 classis
2113 2123 2367 2187 auxilio
2394 2122 2528 2187 Ta-

340 2220 657 2287 rentinis⁶
682 2224 887 2288 venit.
963 2220 1124 2301 Quo
1154 2222 1337 2287 facto
1366 2225 1451 2286 ab
1471 2224 1559 2287 iis
1585 2222 1810 2289 foedus
1844 2225 2163 2289 violatum
2187 2230 2312 2287 est.
2385 2216 2529 2287 Res

340 2331 669 2405 praeterea
714 2330 943 2389 contra
988 2322 1326 2403 Lucanos,
1380 2324 1736 2402 Samnites,
1782 2333 1852 2389 et
1903 2324 2206 2389 Bruttios
2253 2322 2530 2388 feliciter

338 2431 593 2505 gestas,
624 2429 689 2488 et
722 2422 962 2507 Pyrrhi
991 2423 1163 2506 regis
1187 2432 1212 2471 ⁷
1244 2430 1521 2488 mortem
1556 2425 1874 2489 continet.

404 2721 429 2765 1
470 2716 637 2765 Abest
676 2715 741 2765 ab
778 2714 901 2764 edd.
936 2721 1058 2763 ante
1094 2714 1270 2778 Sigon.
1306 2714 1365 2764 τὸ
1398 2715 1698 2779 μήκεα-3
1733 2716 1853 2767 Vct.
1889 2716 1978 2766 lib.
2012 2716 2150 2780 apud
2173 2716 2350 2781 Sigon.
2383 2718 2531 2781 proh.

339 2781 523 2830 Iterum
546 2780 903 2844 Pyrrham—8
936 2778 1148 2842 Arge-ta·
1172 2781 1325 2843 pondo
1344 2780 1511 2830 Gron.
1536 2782 1755 2844 Donjat.
1777 2782 2032 2833 Crem—4
2061 2782 2360 2842 tegendum
2385 2792 2533 2844 putat

338 2846 517 2908 Sigon.
548 2846 750 2893 ducenta
780 2844 1027 2919 octoginta·
1055 2858 1197 2893 unm
1232 2844 1508 2921 millia-76·
1541 2846 1887 2923 Com-Gron.
1915 2846 2127 2909 Doujat.
2153 2846 2308 2895 (ἶπον.
2361 2845 2532 2897 Antea

342 2906 826 3021 Joaeerlttgffiztuss
860 2906 1193 3018 ebalum—o
1226 2908 1533 2957 Menneu-tam
1572 2911 1786 2974 DonJat.
1819 2924 1936 2959 cum
1973 2910 2095 2959 edd.
2131 2915 2250 2959 ante
2289 2910 2533 2974 Sigon.—

1336 3097 1553 3149 NOTAE

406 3216 431 3243 ⁸
464 3208 605 3269 liin.
626 3208 709 3271 qna·
742 3208 919 3258 citam
950 3223 1043 3257 m
1070 3212 1395 3273 responderat,
1474 3210 1634 3261 donia
1669 3217 1752 3260 est
1790 3210 2024 3260 Pastum
2058 3212 2110 3259 in
2146 3212 2390 3263 Lucania.
2455 3214 2532 3265 At

344 3284 665 3347 bonam-imm
686 3283 925 3346 vendidit]
962 3284 1072 3334 val.
1090 3285 1126 3333 1.
1144 3298 1221 3333 vr·
1239 3299 1288 3335 c.
1312 3288 1393 3334 80.
1477 3298 1573 3347 pro
1611 3286 1766 3333 Gom
1802 3284 2076 3347 legendum
2115 3286 2261 3335 Gonu
2297 3301 2363 3337 ex
2394 3288 2529 3338 Veli.

344 3374 445 3409 non
484 3366 685 3408 tentum
709 3359 861 3415 bons.
884 3359 974 3409 sed
1011 3368 1067 3410 et
1097 3360 1285 3422 ipsum,
1305 3360 1394 3424 qui
1476 3373 1590 3423 qun
1614 3358 1738 3408 urbs
1759 3357 1859 3409 fnit
1885 3360 2130 3420 Etruriae,
2165 3375 2231 3409 ex
2263 3362 2407 3425 cujus
2429 3364 2531 3411 rui·

344 3434 531 3485 citatus
549 3441 681 3488 erat,
703 3434 925 3483 veniisse
946 3450 979 3486 a
1000 3435 1157 3485 Curio
1178 3435 1373 3485 scribit.
1474 3433 1554 3483 nis
1573 3433 1741 3483 crevit
1767 3432 2096 3485 Ansedoniaz
2131 3434 2236 3484 fuit
2258 3436 2308 3484 in
2329 3450 2418 3487 ora
2437 3436 2532 3485 Se·

406 3508 429 3545 b
460 3510 721 3561 Posidonia
748 3516 798 3560 et
833 3510 957 3561 Cosa
1004 3510 1213 3574 [cm]
1250 3510 1395 3561 Posi·
1475 3510 1651 3560 uenti·
1673 3509 1784 3573 agri
1809 3524 1973 3574 prope
1991 3509 2126 3560 ostia
2147 3510 2372 3562 Pescia.

1218 3786 1403 3851 LIB.
1477 3785 1650 3849 XV.

425 3972 653 4038 Victis
686 3972 1063 4037 Tarentinis
1094 3988 1233 4055 pax
1262 3974 1332 4033 et
1356 3968 1632 4033 libertas
1665 3968 1828 4033 data
1865 3978 1990 4033 est.
2079 3971 2284 4052 Legio
2326 3971 2526 4037 Cam·

341 4094 543 4159 pana,
575 4092 727 4155 quae
755 4072 1084 4153 Rhegium
1110 4075 1587 4152 occupaverat,
1621 4067 1920 4145 obsessa,
1952 4068 2292 4136 deditione
2321 4071 2520 4153 facta,

342 4176 561 4239 securi
602 4190 921 4257 percussa
958 4175 1084 4236 est.
1174 4168 1343 4234 Cum
1397 4166 1658 4249 legatos
1708 4165 2237 4249 Apolloniatium
2288 4173 2374 4237 ad
2423 4195 2525 4239 se·

340 4286 565 4339 natum
594 4276 835 4341 missos
866 4272 1141 4356 quidam
1160 4270 1445 4355 ¹juvenes
1468 4268 1878 4352 pulsassent,
1905 4270 2116 4338 dediti
2144 4279 2294 4339 sunt
2314 4273 2524 4361 Apol-
