3159 4959
543 462 722 530 5484

582 1012 690 1062 Cic.
706 1012 767 1060 ad

546 1078 654 1128 Au.
673 1080 850 1127 xmo.

551 1386 667 1438 Dio.

583 1681 689 1732 Cic.
717 1680 850 1730 Phil.

553 1762 628 1797 xx.
652 1750 735 1797 1⁸.
757 1754 808 1794 ct

549 1812 612 1858 ad
645 1808 784 1859 Fam.

552 1890 630 1924 ιι.
654 1879 701 1925 1.

584 1940 762 2003 Supra,

550 2018 692 2052 cxvx·
711 2006 795 2053 8⁴.

547 2068 751 2131 Josepb.

551 2132 851 2183 Ve11.11.oo.

549 2194 667 2244 Dio.
712 2196 820 2261 Ap.

551 2261 684 2323 pian.

577 2572 690 2623 Cic.
711 2571 776 2620 ad

555 2636 691 2685 Fam.
717 2651 822 2687 xu-

557 2704 634 2750 14.
653 2710 706 2749 et
729 2704 810 2751 1⁶.

551 2945 582 2994 J
585 2946 754 3009 oneph.

555 3010 688 3058 vell.

551 3074 661 3123 Liv.
687 3073 820 3139 Epit-

551 3138 768 3213 Appian-

554 3202 670 3252 Dm.

1606 478 1673 524 '1'-
1710 478 1901 525 mvn

871 643 1006 685 cnm
1033 627 1111 685 ab
1141 624 1400 701 utrisque
1437 630 1683 682 vocatus
1721 630 1893 691 esset,
1924 619 2119 680 medio
2154 621 2307 680 inter
2345 622 2685 699 Apameam
2712 630 2775 679 et

873 720 1124 781 Antistii
1152 727 1345 779 castra
1379 718 1511 779 loco
1547 719 1837 799 consedit,
1876 728 1938 777 et
1974 716 2245 777 mercede
2282 738 2344 775 se
2386 716 2769 775 militaturum

873 815 1182 897 professus,
1213 815 1385 895 plura
1418 814 1587 875 danti
1614 812 1805 875 Basso
1830 816 2115 875 accessit:
2159 815 2495 892 bonamque
2536 813 2593 871 ei
2627 832 2771 893 ope-

873 931 1021 984 ram,
1049 910 1208 992 quod
1235 932 1376 973 areu
1405 912 1591 992 perite
1618 912 1933 971 utebantur
1956 910 2217 981 Arabes,
2246 910 2541 991 praestitit.

953 1014 1014 1067 3.
1059 1006 1200 1068 Nec
1235 1008 1370 1069 ideo
1401 1008 1592 1066 minus
1630 1007 1711 1065 ad
1752 1007 2043 1087 Apameae
2082 1005 2447 1065 obsidionem
2474 1004 2773 1065 Antistius

872 1102 1147 1175 redierat,
1175 1124 1391 1182 magna
1421 1124 1558 1162 cum
1594 1122 1697 1183 spe
1726 1103 1867 1161 boni
1900 1111 2180 1162 eventus:
2223 1101 2413 1161 donec
2450 1102 2709 1162 arcessiti
2736 1122 2775 1161 a

875 1198 1066 1260 Basso
1091 1200 1330 1271 Parthi,
1357 1200 1633 1261 maximis
1656 1199 1845 1279 copiis
1864 1197 2017 1259 duce
2038 1198 2277 1258 Pacoro
2304 1196 2617 1257 affuerunt.
2677 1196 2773 1257 Hi

877 1295 1206 1357 Antistium
1229 1294 1508 1377 repulisse
1531 1297 1817 1367 contenti,
1853 1294 2055 1354 multis
2077 1298 2208 1373 ejus
2230 1294 2442 1355 occisis
2466 1295 2771 1367 militibus,

875 1401 1109 1472 propter
1131 1395 1402 1474 hyemem
1431 1394 1598 1469 (nam
1625 1394 1685 1451 in
1711 1392 1879 1451 exitu
1908 1392 2242 1452 December
2278 1396 2434 1469 erat)
2463 1391 2629 1452 nulla
2652 1391 2773 1452 alia

875 1506 938 1546 re
963 1498 1146 1567 gesta,
1173 1488 1410 1549 domum
1436 1488 1750 1549 redierunt.

962 1592 1020 1644 4.
1067 1586 1175 1645 Ab
1200 1587 1312 1646 hoc
1338 1594 1599 1665 tempore
1626 1606 1719 1644 res
1748 1583 1977 1643 Caecilii
2008 1584 2181 1642 Bassi
2204 1584 2347 1643 satis
2373 1583 2559 1643 firmae
2584 1583 2775 1653 fuere,

873 1682 1260 1763 robustusque
1307 1682 1622 1753 exercitus,
1667 1689 1729 1740 et
1778 1699 1856 1739 ex
1898 1681 2146 1740 victoria
2188 1680 2398 1759 plenus
2446 1680 2664 1738 animi:
2708 1689 2775 1739 ut

875 1779 1054 1837 etiam
1095 1781 1379 1859 patribus,
1439 1778 1789 1839 Italicarum
1838 1796 2029 1837 rerum
2072 1778 2509 1857 perturbatione
2558 1776 2773 1846 anxiis,

875 1877 1092 1936 solatio
1143 1886 1311 1937 esset.
1407 1876 1688 1935 Ceterum
1744 1876 1889 1954 quia
1941 1873 2195 1934 Caesaris
2246 1872 2595 1933 confirmata
2638 1881 2775 1933 acta

875 1974 1128 2044 fuerant,
1166 1994 1502 2055 quanquam
1529 1996 1602 2035 eo
1624 1977 1759 2053 jam
1800 1982 2085 2054 peremto,
2126 1971 2195 2031 L.
2230 1972 2457 2031 Statius
2487 1972 2775 2031 Murcus·

875 2090 952 2129 ex
989 2078 1243 2151 praetura
1269 2070 1500 2151 Syriam
1529 2072 1898 2152 provinciam
1935 2071 2261 2139 habiturus,
2302 2088 2438 2128 cum
2479 2070 2663 2129 tribus
2687 2068 2773 2127 le·

875 2167 1148 2245 gionibus
1180 2165 1402 2226 bellum
1431 2168 1630 2227 intulit
1657 2164 1869 2237 Bass0,
1912 2166 2363 2245 supervenitque
2392 2164 2479 2230 Q.
2510 2165 2778 2228 Marcius

875 2261 1120 2344 Crispus
1143 2264 1450 2344 praetmius
1479 2274 1540 2323 et
1576 2267 1701 2346 ipse
1740 2282 1875 2324 cum
1916 2264 2243 2342 legionibus
2277 2260 2528 2321 totidem
2555 2280 2632 2321 ex
2664 2264 2775 2323 Bi-

877 2357 1105 2436 thynia.
1189 2358 1294 2418 Ita
1317 2361 1548 2419 duobus
1573 2363 1801 2440 magnis
1826 2360 2119 2421 Romanis
2144 2358 2501 2419 exercitibus
2522 2366 2586 2416 et
2608 2360 2777 2438 equi-

877 2461 1006 2511 tatu
1052 2451 1220 2513 firmo
1249 2456 1631 2516 cimumsessa
1674 2456 1973 2533 Apamea,
2010 2455 2437 2513 defendebatur
2464 2465 2659 2514 tamen
2686 2456 2775 2514 in-

879 2546 1128 2629 trepide,
1171 2549 1358 2609 donec
1404 2551 1463 2608 in
1511 2548 1749 2628 Syriam
1786 2548 1863 2607 0.
1892 2548 2133 2606 Cassius
2165 2549 2352 2619 venit,
2394 2549 2779 2610 Trebonianis

879 2645 1166 2706 militibus
1191 2646 1525 2716 instructus,
1565 2666 1716 2725 quos
1742 2666 1779 2704 a
1807 2644 2131 2704 Dolabella
2168 2644 2251 2704 P.
2280 2644 2569 2706 Lentulus
2590 2656 2776 2707 trans-

877 2740 1150 2812 duxerat,
1183 2750 1245 2802 et
1279 2744 1532 2822 pecunia
1558 2744 1637 2801 ab
1662 2741 1871 2801 eodem
1901 2740 2191 2800 Lentulo:
2236 2762 2372 2801 uam
2402 2743 2455 2801 is
2492 2742 2775 2803 Trebouii

875 2846 1134 2915 quastor
1165 2836 1376 2898 fuerat.

958 2942 1017 2993 ὃ.
1064 2935 1167 2994 Ad
1211 2938 1366 2995 hunc
1393 2939 1589 2996 omnia
1621 2956 1863 3017 propere
1893 2946 2332 3006 concesserunt,
2374 2938 2497 2998 sive
2540 2946 2777 3017 propter

875 3034 1470 3102 senatusconsultum,
1517 3054 1637 3112 quo
1664 3052 1871 3113 parere
1898 3032 1953 3090 ei
1990 3052 2191 3091 omnes
2216 3050 2305 3091 eoe
2330 3034 2645 3112 provinciae
2670 3052 2776 3092 ex-

875 3130 1206 3209 ercitusque
1239 3132 1647 3209 jubebantur;
1693 3133 1815 3190 sive
1851 3140 2091 3211 propter
2130 3132 2310 3211 ipsius
2346 3132 2644 3203 virtutem,
2686 3133 2775 3191 fa—

875 3246 1174 3306 mamque,
1219 3236 1283 3287 et
1323 3228 1637 3287 amicitias.
1722 3227 1967 3307 Quippe
2006 3246 2463 3287 commemorare
2502 3227 2779 3289 adversus

877 3323 1136 3400 singulos
1177 3325 1367 3384 multa
1403 3344 1511 3383 sua
1549 3326 1762 3383 merita
1810 3333 1988 3403 atque
2018 3322 2211 3383 officia
2243 3332 2511 3404 poterat:
2554 3334 2637 3397 et,
2676 3328 2777 3386 ubi

878 3420 1004 3478 haec
1027 3418 1292 3489 deerant,
1321 3420 1664 3500 reipublicae
1689 3421 1849 3479 salus
1872 3430 2001 3480 erat
2024 3421 2314 3479 obtentui.

956 3522 1017 3573 6.
1061 3524 1078 3551 ‘
1111 3515 1278 3576 Scire
1321 3518 1501 3597 ipsos,
1555 3537 1737 3597 quam
1778 3536 1855 3576 ex
1877 3515 2177 3596 'praeclara
2213 3526 2276 3576 et
2314 3518 2540 3596 potenti
2580 3518 2777 3577 subito

875 3613 936 3669 in
979 3612 1360 3672 miserrimam
1399 3614 1799 3674 conditionem
1836 3634 1929 3673 res
1962 3612 2248 3673 Romana
2281 3614 2607 3685 incidisset,
2651 3634 2776 3674 am·

873 3707 1100 3766 bitione
1121 3727 1466 3787 paucorum,
1487 3713 1593 3789 qui
1614 3710 1852 3770 sublata
1870 3709 2169 3782 libertate,
2190 3712 2599 3772 communibus
2617 3730 2780 3773 com·

939 3924 964 3950 ⁸
997 3916 1058 3964 L.
1081 3916 1272 3967 Statius
1297 3917 1518 3981 Murcus]
1571 3918 1783 3969 Murcus
1856 3916 2084 3967 obtinuit
2112 3932 2249 3969 anno
2282 3926 2552 3985 sequente.
2622 3918 2779 3968 Cete-

877 3995 908 4029 a
945 3982 1151 4031 Caesam
1204 3983 1319 4046 ipso
1363 3983 1532 4035 adhue
1575 3984 1785 4033 vivente
1857 3998 1971 4035 rum
2004 3984 2277 4035 scribimus
2310 3986 2373 4035 L.
2410 3984 2620 4038 Statius,
2652 3996 2777 4033 cum

781 4104 786 4111 ,
876 4045 1062 4093 missus
1102 4045 1294 4103 fuerat.
1339 4056 1400 4098 ut
1436 4048 1698 4113 colligitur
1720 4064 1785 4098 ex
1860 4049 2130 4111 Cicerone,
2152 4049 2288 4099 Phu.
2314 4061 2394 4096 xi.
2422 4051 2502 4097 12.
2549 4048 2779 4109 Caesam,

877 4108 1141 4174 Appiano,
1177 4126 1447 4161 successor
1487 4114 1611 4163 Sex.
1647 4114 1790 4165 Julio
1862 4128 1947 4163 nr.
1983 4114 2050 4163 de
2072 4114 2207 4162 Beu.
2234 4114 2344 4161 Civ.
2372 4111 2562 4175 Dione,
2600 4124 2774 4161 van.

880 4176 1095 4237 Cas-ri,
1119 4183 1256 4226 teste
1277 4176 1310 4227 J
1317 4178 1526 4240 osepho.
1580 4180 1791 4231 Praetor
1862 4194 1967 4229 non
1987 4180 2047 4229 L.
2070 4178 2255 4235 mauce,
2280 4177 2538 4237 quomodo
2559 4178 2647 4227 uic
2670 4176 2774 4240 pri·

879 4239 1113 4287 uimirum
1138 4237 1238 4289 fuit
1261 4256 1324 4288 eo
1364 4240 1497 4290 anno
1530 4244 1619 4306 qui
1655 4259 1786 4307 prae-
1865 4259 1922 4293 us
1948 4259 2011 4293 ex
2034 4240 2340 4306 quibusdam
2368 4241 2557 4292 velleii
2589 4242 2772 4293 editio-

875 4304 1036 4353 cessit
1053 4312 1268 4355 mortem
1297 4306 1552 4367 Caesaris;
1590 4308 1787 4370 Syriam
1864 4310 2008 4357 nibus
2033 4304 2319 4368 legebatur.
2358 4306 2497 4356 Creu.
