3159 4959
510 408 691 474 5⁷90

1470 420 1539 469 'l'-
1591 418 1748 466 mvl

834 572 929 625 tos
962 563 1087 623 illis
1118 562 1365 623 concedi
1398 571 1627 622 mmtus
1649 583 1686 621 e
1727 561 2063 641 provinciis,
2099 568 2168 618 ut
2199 578 2357 618 nuuc
2385 556 2476 628 fit,
2497 574 2736 637 aequum

836 670 943 719 est.

915 764 1018 815 44.
1062 766 1080 791 ‘
1106 756 1329 815 Earum
1358 757 1730 815 curationum
1768 753 1936 813 nulla
1969 753 2066 811 vel
2100 753 2336 812 brevior
2357 750 2436 809 sit
2457 751 2732 821 triennio,

838 852 933 913 vel
962 854 1370 933 quinquennio
1396 852 1647 931 longior.
1731 852 1860 917 Qui
1883 852 2064 910 eitius
2085 856 2480 918 removentur,
2497 848 2602 905 vix
2623 848 2734 907 ad·-

835 950 1063 1009 discere
1114 961 1309 1029 partes
1348 948 1528 1009 officii
1566 950 1658 1007 sui
1705 958 1950 1028 possunt
1970 968 1988 1005 ε
2040 957 2103 1005 et
2141 964 2502 1005 successores
2547 943 2736 1003 ferme

838 1048 1093 1126 priorum
1118 1046 1389 1104 instituta
1412 1053 1800 1113 commutant,
1827 1044 2076 1103 consilia
2111 1043 2399 1111 nesciunt,
2441 1060 2630 1099 mom
2663 1058 2738 1098 aa

838 1142 1135 1219 ingenium
1162 1142 1459 1200 bominum
1488 1151 1668 1221 atque
1695 1142 1996 1219 regionum
2027 1142 2314 1217 ignorant.
2393 1136 2487 1194 At
2507 1136 2740 1195 diutur-

840 1239 1007 1298 niora
1046 1239 1297 1318 imperia
1340 1239 1674 1317 superbiam
1709 1238 1912 1297 multis
1947 1236 2311 1314 ingenerant,
2333 1242 2400 1292 et
2423 1233 2735 1311 impatien-

839 1334 983 1393 tiam
1008 1337 1163 1413 aequi
1194 1335 1309 1395 loci
1332 1356 1351 1393 t
1394 1344 1455 1393 et
1478 1335 1724 1414 quidam
1746 1334 1886 1393 hinc
1911 1333 2224 1413 plusquam
2249 1330 2456 1390 civilia
2477 1328 2738 1405 cogitare

838 1428 1191 1489 didicerunt.
1279 1430 1460 1490 Unde
1500 1450 1692 1510 neque
1719 1432 1948 1508 majora
1971 1429 2218 1508 imperia
2240 1425 2434 1485 eidem
2457 1425 2743 1484 contiuua

840 1525 957 1584 duo
986 1526 1379 1605 permittenda
1402 1546 1529 1586 eme
1562 1546 1860 1595 censeam,
1885 1524 2116 1584 etiamsi
2141 1522 2390 1581 diversis
2413 1522 2474 1579 in
2501 1519 2741 1599 provin·-

841 1621 951 1680 eiis
999 1620 1126 1681 fiat.
1210 1622 1477 1681 Praestat
1516 1621 1674 1680 enim
1713 1630 1944 1700 tempus
1983 1618 2228 1699 aliquod
2267 1617 2582 1697 interponi,
2619 1634 2742 1694 quo

842 1717 1085 1775 reversis
1108 1717 1167 1774 in
1198 1717 1429 1776 Urbem
1456 1718 1764 1775 detumeat
1789 1718 2043 1786 animus,
2069 1726 2132 1774 et
2155 1716 2308 1773 inter
2334 1712 2594 1791 aequales
2610 1730 2742 1771 ver*

842 1810 1029 1871 sando
1074 1812 1191 1873 loci
1231 1814 1321 1872 sui
1362 1814 1808 1871 admoneantur.
1893 1812 2053 1871 Haec
2093 1810 2170 1871 de
2213 1810 2580 1869 senatoribus
2613 1808 2742 1867 ani-

842 1907 1155 1967 madversa
1195 1910 1339 1968 mibi
1362 1918 1517 1969 sunt.

928 2012 1029 2064 45.
1072 2014 1090 2041 ‘
1115 2006 1215 2063 Ex
1241 2006 1500 2085 equestri
1520 2004 1726 2064 ordine
1744 2004 1894 2063 duos
1909 2004 2024 2063 tibi
2039 2006 2194 2064 viros
2207 2014 2472 2066 strenuos
2495 2006 2742 2086 deliges,

846 2104 1135 2180 praetoriis
1186 2102 1523 2162 cohortibus
1572 2100 2019 2181 praeficiendos:
2061 2122 2198 2161 nam
2243 2104 2344 2161 uni
2378 2112 2615 2162 tantum
2649 2124 2744 2163 ar·-

850 2206 1138 2257 matorum
1162 2198 1523 2259 committere
1550 2197 1816 2278 periculo
1839 2218 1956 2257 non
1983 2208 2190 2268 vacat3
2223 2200 2511 2279 pluribus,
2528 2204 2744 2283 impor-

850 2300 1054 2352 tunum
1080 2302 1255 2364 esset,
1282 2306 1343 2354 et
1376 2295 1702 2354 obnoxium
1741 2296 1906 2353 rixae.
1991 2292 2134 2353 Duo
2161 2296 2339 2372 igitur
2371 2306 2564 2365 sunto,
2593 2287 2744 2356 lianc

724 2464 751 2475 ·
848 2391 1031 2449 etiam
1070 2392 1149 2450 ob
1190 2392 1531 2462 utilitatem,
1568 2400 1658 2460 ut,
1703 2392 1754 2449 si
1797 2390 1948 2450 alter
1975 2390 2125 2449 forte
2155 2392 2366 2451 morbo
2403 2394 2745 2464 attineatur,

850 2504 967 2545 non
994 2486 1151 2546 desit
1175 2496 1373 2547 tamen
1402 2486 1650 2546 idoneus
1671 2488 1932 2566 corporis
1959 2486 2045 2545 tui
2083 2496 2298 2548 custos.
2383 2486 2520 2547 Sint
2549 2498 2745 2549 autem

850 2582 1167 2641 multorum
1191 2584 1641 2663 stipendiorum,
1668 2592 1846 2662 atque
1872 2604 2061 2643 rerum
2099 2586 2279 2643 etiam
2303 2584 2552 2643 aliarum
2577 2604 2746 2643 eura-

846 2680 1105 2738 tiouibus
1127 2680 1393 2739 exerciti.
1482 2679 1606 2737 His
1629 2688 1692 2738 et
1717 2680 2054 2759 praetoriani
2081 2690 2349 2760 pareant,
2375 2692 2440 2740 et
2463 2680 2746 2762 quicquid

848 2782 1134 2853 praeterea
1186 2773 1436 2832 militum
1478 2794 1585 2853 per
1628 2774 1870 2834 Italiam
1914 2778 2058 2845 erit;
2101 2776 2521 2858 suppliciorum
2567 2780 2750 2838 etiam

839 2871 978 2947 jure
1031 2870 1341 2950 permisso,
1383 2878 1776 2949 praeterquam
1816 2872 1875 2929 in
1917 2874 2308 2932 centuriones.
2393 2872 2516 2933 Ab·
2549 2894 2750 2935 eorum

848 2964 1029 3024 etiam
1076 2972 1371 3045 potestate
1426 2967 1744 3037 eximetur,
1805 2968 2089 3047 quicquid
2144 2968 2395 3027 militum
2447 2972 2754 3030 senatoriis

850 3061 1291 3139 magistratibus
1316 3064 1598 3121 tributum
1617 3072 1743 3122 est:
1787 3064 2003 3142 quibus
2027 3066 2088 3123 in
2115 3084 2250 3123 suos
2275 3064 2520 3125 liberum
2553 3086 2750 3147 poena·

852 3179 979 3218 rum
1006 3160 1498 3240 praemiorumque
1524 3160 1831 3218 arbitrium
1847 3162 2217 3220 concesseris.
2303 3160 2377 3219 In
2395 3172 2618 3222 ceteros
2644 3165 2753 3243 igi-

852 3268 947 3316 tur
984 3258 1207 3316 milites
1252 3256 1666 3337 praefectorum
1711 3257 2020 3337 imperium
2060 3258 2206 3326 erit:
2253 3266 2432 3337 atque
2469 3262 2646 3319 etiam
2692 3262 2754 3319 in

854 3362 1263 3431 procuratores
1287 3361 1440 3421 tuos,
1486 3362 1668 3432 atque
1709 3352 1858 3412 alios
1888 3352 2069 3433 paulo
2099 3354 2478 3415 honestiores
2563 3356 2754 3416 Vica-

854 3449 973 3507 rios
1008 3448 1101 3506 his
1140 3446 1283 3506 addi
1323 3466 1624 3507 necessum
1659 3449 1792 3518 erit,
1825 3468 1898 3507 ne
1931 3449 2086 3508 mole
2110 3452 2476 3528 negotiorum
2501 3472 2755 3532 praegra·

856 3552 1087 3602 ventur.
1174 3541 1606 3603 Praefeeturam
1633 3554 1832 3603 autem
1873 3543 2040 3603 illam
2069 3555 2410 3625 perpetuam
2437 3566 2562 3607 esse
2585 3568 2758 3629 opor·

856 3638 1026 3699 tebit.
1107 3636 1250 3699 Nee
1292 3640 1451 3698 enim
1488 3640 1670 3698 tantis
1709 3640 1924 3719 opibus
1958 3642 2267 3720 quisquam
2299 3645 2429 3721 ejus
2475 3644 2592 3703 loci
2627 3664 2756 3705 esse

856 3736 1092 3814 poterit,
1120 3744 1189 3793 ut
1214 3735 1363 3794 inter
1388 3744 1477 3794 tot
1503 3736 1731 3795 nobiles
1755 3736 2062 3816 imperium
2087 3747 2320 3817 speret:
2345 3748 2430 3809 et,
2456 3740 2600 3819 quia
2625 3760 2756 3820 pera

859 3840 1035 3910 petuo
1058 3831 1168 3890 sub
1194 3832 1381 3891 oculis
1408 3833 1526 3891 tuis
1545 3840 1707 3909 aget,
1737 3852 1810 3890 ne
1837 3833 2098 3909 cogitare
2116 3834 2353 3912 quidem
2382 3836 2606 3915 aliquid
2633 3836 2758 3896 tale

858 3935 990 3986 tuto
1008 3936 1206 4004 queat.
1252 3926 1351 3985 Ex
1368 3925 1575 3986 eodem
1603 3925 1804 3986 ordine
1827 3926 2354 4007 splendidissimum
2377 3940 2510 4010 post
2535 3933 2759 4011 priores

860 4021 1010 4081 duos
1048 4024 1329 4102 equitem,
1372 4022 1719 4102 praefectum
1768 4023 2010 4101 vigilum
2053 4028 2412 4093 constituesz
2452 4029 2508 4087 ei
2543 4028 2758 4088 deiude

864 4119 1216 4196 proximum,
1242 4138 1511 4180 aunonae.
1597 4120 1806 4199 Atque
1833 4120 1923 4179 bae
1949 4124 2284 4182 curationes
2305 4123 2511 4182 iisdem
2543 4122 2762 4183 finibus

864 4222 1213 4291 temporum,
1234 4215 1449 4294 quibus
1479 4216 1810 4285 senatoriae,
1843 4217 2287 4278 cohibebuntur.

946 4314 1045 4369 46.
1088 4318 1105 4343 ‘
1126 4308 1343 4370 AErarii
1386 4332 1624 4391 quoque
1672 4310 1916 4392 fiscique
1963 4312 2271 4393 praefectos
2303 4324 2572 4399 equester
2613 4316 2758 4379 ordo
