<?xml version="1.0" encoding="UTF-8"?>
<!DOCTYPE html PUBLIC "-//W3C//DTD XHTML 1.0 Transitional//EN"
    "http://www.w3.org/TR/xhtml1/DTD/xhtml1-transitional.dtd">
<html xmlns="http://www.w3.org/1999/xhtml" xml:lang="en" lang="en">
 <head>
  <title>
</title>
<meta http-equiv="Content-Type" content="text/html;charset=utf-8" />
  <meta name='ocr-system' content='tesseract 3.04.00' />
  <meta name='ocr-capabilities' content='ocr_page ocr_carea ocr_par ocr_line ocrx_word'/>
</head>
<body>
  <div class='ocr_page' id='page_1' title='image "./tliviipatavinih09livygoog_0320.png"; bbox 0 0 3159 4959; ppageno 0'>
   <div class='ocr_carea' id='block_1_1' title="bbox 518 384 696 449">
    <p class='ocr_par' dir='ltr' id='par_1_1' title="bbox 518 384 696 449">
     <span class='ocr_line' id='line_1_1' title="bbox 518 384 696 449; baseline -0.011 0"><span class='ocrx_word' id='word_1_1' title='bbox 518 384 696 449; x_wconf 72' lang='lat'><strong>5792</strong></span> 
     </span>
    </p>
   </div>
   <div class='ocr_carea' id='block_1_2' title="bbox 1478 398 1782 445">
    <p class='ocr_par' dir='ltr' id='par_1_2' title="bbox 1478 398 1782 445">
     <span class='ocr_line' id='line_1_2' title="bbox 1478 398 1782 445; baseline 0.003 -1"><span class='ocrx_word' id='word_1_2' title='bbox 1478 398 1545 444; x_wconf 84' lang='grc' dir='ltr'><strong>Τ.</strong></span> <span class='ocrx_word' id='word_1_3' title='bbox 1597 398 1782 445; x_wconf 56' lang='lat' dir='ltr'><strong>[clv-1!</strong></span> 
     </span>
    </p>
   </div>
   <div class='ocr_carea' id='block_1_3' title="bbox 833 538 2800 3210">
    <p class='ocr_par' dir='ltr' id='par_1_3' title="bbox 834 538 2742 1293">
     <span class='ocr_line' id='line_1_3' title="bbox 836 538 2742 621; baseline -0.003 -20"><span class='ocrx_word' id='word_1_4' title='bbox 836 560 996 621; x_wconf 86' lang='lat' dir='ltr'><strong>pem,</strong></span> <span class='ocrx_word' id='word_1_5' title='bbox 1024 560 1144 601; x_wconf 84' lang='lat' dir='ltr'><strong>non</strong></span> <span class='ocrx_word' id='word_1_6' title='bbox 1160 560 1406 621; x_wconf 83' lang='lat' dir='ltr'><strong>operam</strong></span> <span class='ocrx_word' id='word_1_7' title='bbox 1422 540 1604 601; x_wconf 89' lang='lat' dir='ltr'><strong>modo</strong></span> <span class='ocrx_word' id='word_1_8' title='bbox 1621 540 1764 599; x_wconf 78' lang='lat' dir='ltr'><strong>dare</strong></span> <span class='ocrx_word' id='word_1_9' title='bbox 1787 540 2094 607; x_wconf 74' lang='lat' dir='ltr'><strong>convenit,</strong></span> <span class='ocrx_word' id='word_1_10' title='bbox 2107 548 2173 597; x_wconf 88' lang='lat' dir='ltr'><strong>ut</strong></span> <span class='ocrx_word' id='word_1_11' title='bbox 2189 538 2314 617; x_wconf 86' lang='lat' dir='ltr'><strong>ipse</strong></span> <span class='ocrx_word' id='word_1_12' title='bbox 2337 540 2418 597; x_wconf 85' lang='lat' dir='ltr'><strong>sit</strong></span> <span class='ocrx_word' id='word_1_13' title='bbox 2439 538 2742 617; x_wconf 65' lang='lat' dir='ltr'><strong>opti-10⁴,-</strong></span> 
     </span>
     <span class='ocr_line' id='line_1_4' title="bbox 834 632 2734 715; baseline -0.001 -20"><span class='ocrx_word' id='word_1_14' title='bbox 834 637 941 695; x_wconf 81' lang='lat' dir='ltr'><strong>sed</strong></span> <span class='ocrx_word' id='word_1_15' title='bbox 966 636 1147 695; x_wconf 87' lang='lat' dir='ltr'><strong>etiam</strong></span> <span class='ocrx_word' id='word_1_16' title='bbox 1172 634 1503 715; x_wconf 78' lang='lat' dir='ltr'><strong>providere,</strong></span> <span class='ocrx_word' id='word_1_17' title='bbox 1548 645 1616 695; x_wconf 89' lang='lat' dir='ltr'><strong>ut</strong></span> <span class='ocrx_word' id='word_1_18' title='bbox 1649 637 1834 695; x_wconf 81' lang='lat' dir='ltr'><strong>cives.</strong></span> <span class='ocrx_word' id='word_1_19' title='bbox 1855 635 2108 715; x_wconf 81' lang='lat' dir='ltr'><strong>optimos</strong></span> <span class='ocrx_word' id='word_1_20' title='bbox 2135 632 2370 695; x_wconf 74' lang='lat' dir='ltr'><strong>efficiat.</strong></span> <span class='ocrx_word' id='word_1_21' title='bbox 2455 632 2600 692; x_wconf 90' lang='lat' dir='ltr'><strong>Hoc</strong></span> <span class='ocrx_word' id='word_1_22' title='bbox 2625 654 2734 693; x_wconf 80' lang='lat' dir='ltr'><strong>uu·-</strong></span> 
     </span>
     <span class='ocr_line' id='line_1_5' title="bbox 838 729 2734 812; baseline -0.002 -21"><span class='ocrx_word' id='word_1_23' title='bbox 838 742 981 802; x_wconf 87' lang='lat' dir='ltr'><strong>tem,</strong></span> <span class='ocrx_word' id='word_1_24' title='bbox 1010 731 1423 812; x_wconf 83' lang='lat' dir='ltr'><strong>prospiciendo</strong></span> <span class='ocrx_word' id='word_1_25' title='bbox 1450 733 1650 811; x_wconf 86' lang='lat' dir='ltr'><strong>potius</strong></span> <span class='ocrx_word' id='word_1_26' title='bbox 1675 752 1750 791; x_wconf 84' lang='lat' dir='ltr'><strong>ne</strong></span> <span class='ocrx_word' id='word_1_27' title='bbox 1777 740 2075 811; x_wconf 88' lang='lat' dir='ltr'><strong>peccetur,</strong></span> <span class='ocrx_word' id='word_1_28' title='bbox 2089 740 2154 789; x_wconf 87' lang='lat' dir='ltr'><strong>et</strong></span> <span class='ocrx_word' id='word_1_29' title='bbox 2169 729 2422 789; x_wconf 80' lang='lat' dir='ltr'><strong>officium</strong></span> <span class='ocrx_word' id='word_1_30' title='bbox 2441 749 2544 788; x_wconf 84' lang='lat' dir='ltr'><strong>eos</strong></span> <span class='ocrx_word' id='word_1_31' title='bbox 2565 749 2734 787; x_wconf 84' lang='lat' dir='ltr'><strong>suum</strong></span> 
     </span>
     <span class='ocr_line' id='line_1_6' title="bbox 836 824 2734 907; baseline -0.001 -22"><span class='ocrx_word' id='word_1_32' title='bbox 836 836 975 886; x_wconf 86' lang='lat' dir='ltr'><strong>ante</strong></span> <span class='ocrx_word' id='word_1_33' title='bbox 1000 827 1327 897; x_wconf 86' lang='lat' dir='ltr'><strong>edocendo,</strong></span> <span class='ocrx_word' id='word_1_34' title='bbox 1355 847 1535 906; x_wconf 90' lang='lat' dir='ltr'><strong>quam</strong></span> <span class='ocrx_word' id='word_1_35' title='bbox 1562 826 1858 907; x_wconf 88' lang='lat' dir='ltr'><strong>puniendo</strong></span> <span class='ocrx_word' id='word_1_36' title='bbox 1883 846 2032 906; x_wconf 89' lang='lat' dir='ltr'><strong>quos</strong></span> <span class='ocrx_word' id='word_1_37' title='bbox 2055 846 2302 906; x_wconf 85' lang='lat' dir='ltr'><strong>peccare</strong></span> <span class='ocrx_word' id='word_1_38' title='bbox 2321 825 2551 894; x_wconf 79' lang='lat' dir='ltr'><strong>siveris,</strong></span> <span class='ocrx_word' id='word_1_39' title='bbox 2575 824 2734 883; x_wconf 79' lang='lat' dir='ltr'><strong>obti-</strong></span> 
     </span>
     <span class='ocr_line' id='line_1_7' title="bbox 840 919 2734 1004; baseline -0.001 -21"><span class='ocrx_word' id='word_1_40' title='bbox 840 943 999 983; x_wconf 83' lang='lat' dir='ltr'><strong>neas.</strong></span> <span class='ocrx_word' id='word_1_41' title='bbox 1084 924 1305 1003; x_wconf 80' lang='lat' dir='ltr'>Neque</span> <span class='ocrx_word' id='word_1_42' title='bbox 1345 926 1588 1003; x_wconf 86' lang='lat' dir='ltr'><strong>patiaris</strong></span> <span class='ocrx_word' id='word_1_43' title='bbox 1628 944 1964 1004; x_wconf 82' lang='lat' dir='ltr'><strong>quenquam</strong></span> <span class='ocrx_word' id='word_1_44' title='bbox 2001 924 2246 1001; x_wconf 76' lang='lat' dir='ltr'><strong>generis,</strong></span> <span class='ocrx_word' id='word_1_45' title='bbox 2271 941 2474 1002; x_wconf 79' lang='lat' dir='ltr'><strong>opum,</strong></span> <span class='ocrx_word' id='word_1_46' title='bbox 2506 919 2734 981; x_wconf 77' lang='lat' dir='ltr'><strong>aliusve</strong></span> 
     </span>
     <span class='ocr_line' id='line_1_8' title="bbox 837 1016 2734 1100; baseline -0.003 -19"><span class='ocrx_word' id='word_1_47' title='bbox 837 1021 1161 1100; x_wconf 84' lang='lat' dir='ltr'><strong>cujuslibet</strong></span> <span class='ocrx_word' id='word_1_48' title='bbox 1180 1022 1531 1100; x_wconf 72' lang='lat' dir='ltr'><strong>praestantiae</strong></span> <span class='ocrx_word' id='word_1_49' title='bbox 1550 1022 1794 1081; x_wconf 85' lang='lat' dir='ltr'><strong>obtentu</strong></span> <span class='ocrx_word' id='word_1_50' title='bbox 1813 1040 1878 1079; x_wconf 91' lang='lat' dir='ltr'><strong>se</strong></span> <span class='ocrx_word' id='word_1_51' title='bbox 1897 1018 2376 1097; x_wconf 79' lang='lat' dir='ltr'><strong>buicdisciplinae</strong></span> <span class='ocrx_word' id='word_1_52' title='bbox 2389 1016 2734 1077; x_wconf 76' lang='lat' dir='ltr'><strong>subducere.</strong></span> 
     </span>
     <span class='ocr_line' id='line_1_9' title="bbox 842 1112 2732 1194; baseline -0.003 -17"><span class='ocrx_word' id='word_1_53' title='bbox 842 1116 1143 1177; x_wconf 80' lang='lat' dir='ltr'><strong>Continuo</strong></span> <span class='ocrx_word' id='word_1_54' title='bbox 1166 1118 1322 1175; x_wconf 87' lang='lat' dir='ltr'><strong>enim</strong></span> <span class='ocrx_word' id='word_1_55' title='bbox 1352 1117 1411 1175; x_wconf 89' lang='lat' dir='ltr'><strong>in</strong></span> <span class='ocrx_word' id='word_1_56' title='bbox 1440 1118 1770 1176; x_wconf 75' lang='lat' dir='ltr'><strong>socordiam</strong></span> <span class='ocrx_word' id='word_1_57' title='bbox 1795 1116 2224 1194; x_wconf 80' lang='lat' dir='ltr'><strong>mollitiemque</strong></span> <span class='ocrx_word' id='word_1_58' title='bbox 2255 1114 2445 1173; x_wconf 84' lang='lat' dir='ltr'><strong>fluent</strong></span> <span class='ocrx_word' id='word_1_59' title='bbox 2461 1134 2504 1181; x_wconf 70' lang='grc' dir='ltr'><strong>ς.</strong></span> <span class='ocrx_word' id='word_1_60' title='bbox 2525 1112 2732 1173; x_wconf 72' lang='lat' dir='ltr'><strong>autad</strong></span> 
     </span>
     <span class='ocr_line' id='line_1_10' title="bbox 840 1210 2528 1293; baseline -0.002 -21"><span class='ocrx_word' id='word_1_61' title='bbox 840 1234 1043 1293; x_wconf 83' lang='lat' dir='ltr'><strong>parum</strong></span> <span class='ocrx_word' id='word_1_62' title='bbox 1072 1213 1347 1273; x_wconf 83' lang='lat' dir='ltr'><strong>liberales</strong></span> <span class='ocrx_word' id='word_1_63' title='bbox 1372 1224 1528 1272; x_wconf 86' lang='lat' dir='ltr'><strong>artes</strong></span> <span class='ocrx_word' id='word_1_64' title='bbox 1552 1214 1734 1272; x_wconf 88' lang='lat' dir='ltr'><strong>otium</strong></span> <span class='ocrx_word' id='word_1_65' title='bbox 1765 1212 2178 1291; x_wconf 80' lang='lat' dir='ltr'><strong>ingeniumque</strong></span> <span class='ocrx_word' id='word_1_66' title='bbox 2203 1210 2528 1270; x_wconf 79' lang='lat' dir='ltr'><strong>conferent.</strong></span> 
     </span>
    </p>

    <p class='ocr_par' dir='ltr' id='par_1_4' title="bbox 833 1305 2800 3210">
     <span class='ocr_line' id='line_1_11' title="bbox 920 1305 2732 1387; baseline -0.001 -19"><span class='ocrx_word' id='word_1_67' title='bbox 920 1316 1021 1368; x_wconf 82' lang='lat'><strong>48.</strong></span> <span class='ocrx_word' id='word_1_68' title='bbox 1066 1319 1084 1344; x_wconf 87' lang='lat'>‘</span> <span class='ocrx_word' id='word_1_69' title='bbox 1112 1309 1189 1367; x_wconf 95' lang='lat' dir='ltr'><strong>Id</strong></span> <span class='ocrx_word' id='word_1_70' title='bbox 1214 1329 1357 1368; x_wconf 76' lang='lat' dir='ltr'><strong>vero</strong></span> <span class='ocrx_word' id='word_1_71' title='bbox 1375 1328 1448 1367; x_wconf 89' lang='lat' dir='ltr'><strong>ne</strong></span> <span class='ocrx_word' id='word_1_72' title='bbox 1474 1310 1732 1378; x_wconf 81' lang='lat' dir='ltr'><strong>eveniat,</strong></span> <span class='ocrx_word' id='word_1_73' title='bbox 1749 1310 1926 1367; x_wconf 87' lang='lat' dir='ltr'><strong>etiam</strong></span> <span class='ocrx_word' id='word_1_74' title='bbox 1951 1318 2132 1387; x_wconf 85' lang='lat' dir='ltr'><strong>atque</strong></span> <span class='ocrx_word' id='word_1_75' title='bbox 2158 1308 2338 1367; x_wconf 86' lang='lat' dir='ltr'><strong>etiam</strong></span> <span class='ocrx_word' id='word_1_76' title='bbox 2363 1307 2476 1365; x_wconf 85' lang='lat' dir='ltr'><strong>tibi</strong></span> <span class='ocrx_word' id='word_1_77' title='bbox 2499 1305 2732 1370; x_wconf 80' lang='lat' dir='ltr'><strong>allabo-</strong></span> 
     </span>
     <span class='ocr_line' id='line_1_12' title="bbox 842 1402 2730 1482; baseline -0.002 -18"><span class='ocrx_word' id='word_1_78' title='bbox 842 1404 1090 1464; x_wconf 81' lang='lat' dir='ltr'><strong>randum</strong></span> <span class='ocrx_word' id='word_1_79' title='bbox 1135 1414 1243 1463; x_wconf 86' lang='lat' dir='ltr'><strong>est.</strong></span> <span class='ocrx_word' id='word_1_80' title='bbox 1330 1402 1493 1463; x_wconf 83' lang='lat' dir='ltr'><strong>Nam</strong></span> <span class='ocrx_word' id='word_1_81' title='bbox 1538 1403 1676 1463; x_wconf 82' lang='lat' dir='ltr'><strong>illos</strong></span> <span class='ocrx_word' id='word_1_82' title='bbox 1717 1404 1954 1482; x_wconf 87' lang='lat' dir='ltr'><strong>quidem</strong></span> <span class='ocrx_word' id='word_1_83' title='bbox 2001 1402 2397 1462; x_wconf 86' lang='lat' dir='ltr'><strong>misericordia</strong></span> <span class='ocrx_word' id='word_1_84' title='bbox 2431 1412 2730 1481; x_wconf 83' lang='lat' dir='ltr'><strong>sequetur,</strong></span> 
     </span>
     <span class='ocr_line' id='line_1_13' title="bbox 837 1499 2730 1579; baseline -0.001 -20"><span class='ocrx_word' id='word_1_85' title='bbox 837 1509 1125 1579; x_wconf 83' lang='lat' dir='ltr'><strong>tanquam</strong></span> <span class='ocrx_word' id='word_1_86' title='bbox 1153 1500 1435 1560; x_wconf 81' lang='lat' dir='ltr'><strong>invidiam</strong></span> <span class='ocrx_word' id='word_1_87' title='bbox 1462 1510 1569 1560; x_wconf 87' lang='lat' dir='ltr'><strong>aut</strong></span> <span class='ocrx_word' id='word_1_88' title='bbox 1597 1500 1922 1579; x_wconf 85' lang='lat' dir='ltr'><strong>periculum</strong></span> <span class='ocrx_word' id='word_1_89' title='bbox 1961 1499 2250 1577; x_wconf 78' lang='lat' dir='ltr'><strong>fugientes</strong></span> <span class='ocrx_word' id='word_1_90' title='bbox 2280 1518 2358 1557; x_wconf 83' lang='lat' dir='ltr'><strong>ex</strong></span> <span class='ocrx_word' id='word_1_91' title='bbox 2385 1500 2554 1557; x_wconf 84' lang='lat' dir='ltr'><strong>bonis</strong></span> <span class='ocrx_word' id='word_1_92' title='bbox 2585 1500 2730 1557; x_wconf 87' lang='lat' dir='ltr'><strong>arti·</strong></span> 
     </span>
     <span class='ocr_line' id='line_1_14' title="bbox 842 1594 2728 1676; baseline -0.002 -20"><span class='ocrx_word' id='word_1_93' title='bbox 842 1598 974 1667; x_wconf 87' lang='lat' dir='ltr'><strong>bus,</strong></span> <span class='ocrx_word' id='word_1_94' title='bbox 1004 1598 1302 1674; x_wconf 80' lang='lat' dir='ltr'><strong>ignaviam</strong></span> <span class='ocrx_word' id='word_1_95' title='bbox 1340 1617 1446 1676; x_wconf 88' lang='lat' dir='ltr'><strong>pro</strong></span> <span class='ocrx_word' id='word_1_96' title='bbox 1470 1605 1640 1656; x_wconf 83' lang='lat' dir='ltr'><strong>scuto</strong></span> <span class='ocrx_word' id='word_1_97' title='bbox 1665 1596 2049 1675; x_wconf 71' lang='lat' dir='ltr'><strong>arripuerint:</strong></span> <span class='ocrx_word' id='word_1_98' title='bbox 2094 1604 2158 1654; x_wconf 84' lang='lat' dir='ltr'><strong>at</strong></span> <span class='ocrx_word' id='word_1_99' title='bbox 2179 1594 2288 1654; x_wconf 87' lang='lat' dir='ltr'><strong>tibi</strong></span> <span class='ocrx_word' id='word_1_100' title='bbox 2321 1614 2456 1653; x_wconf 88' lang='lat' dir='ltr'><strong>cum</strong></span> <span class='ocrx_word' id='word_1_101' title='bbox 2483 1594 2728 1674; x_wconf 80' lang='lat' dir='ltr'><strong>impedi-</strong></span> 
     </span>
     <span class='ocr_line' id='line_1_15' title="bbox 844 1691 2729 1769; baseline -0.001 -19"><span class='ocrx_word' id='word_1_102' title='bbox 844 1700 1101 1750; x_wconf 82' lang='lat' dir='ltr'><strong>mentum</strong></span> <span class='ocrx_word' id='word_1_103' title='bbox 1128 1691 1263 1750; x_wconf 87' lang='lat' dir='ltr'><strong>inde</strong></span> <span class='ocrx_word' id='word_1_104' title='bbox 1292 1693 1575 1751; x_wconf 87' lang='lat' dir='ltr'><strong>bonorum</strong></span> <span class='ocrx_word' id='word_1_105' title='bbox 1615 1691 1872 1750; x_wconf 83' lang='lat' dir='ltr'><strong>virorum</strong></span> <span class='ocrx_word' id='word_1_106' title='bbox 1899 1692 2076 1769; x_wconf 86' lang='lat' dir='ltr'><strong>copia</strong></span> <span class='ocrx_word' id='word_1_107' title='bbox 2095 1692 2376 1759; x_wconf 78' lang='lat' dir='ltr'><strong>cariture,</strong></span> <span class='ocrx_word' id='word_1_108' title='bbox 2401 1699 2527 1749; x_wconf 85' lang='lat' dir='ltr'><strong>tum</strong></span> <span class='ocrx_word' id='word_1_109' title='bbox 2550 1691 2729 1749; x_wconf 84' lang='lat' dir='ltr'><strong>etiam</strong></span> 
     </span>
     <span class='ocr_line' id='line_1_16' title="bbox 842 1785 2730 1867; baseline 0.001 -23"><span class='ocrx_word' id='word_1_110' title='bbox 842 1786 1087 1847; x_wconf 79' lang='lat' dir='ltr'><strong>infamia</strong></span> <span class='ocrx_word' id='word_1_111' title='bbox 1110 1787 1455 1867; x_wconf 56' lang='lat' dir='ltr'><strong>provenien</strong></span> <span class='ocrx_word' id='word_1_112' title='bbox 1500 1798 1784 1866; x_wconf 85' lang='lat' dir='ltr'><strong>tanquam</strong></span> <span class='ocrx_word' id='word_1_113' title='bbox 1817 1788 2021 1865; x_wconf 81' lang='lat' dir='ltr'><strong>ignaro</strong></span> <span class='ocrx_word' id='word_1_114' title='bbox 2059 1785 2555 1865; x_wconf 75' lang='lat' dir='ltr'><strong>quemadmodum</strong></span> <span class='ocrx_word' id='word_1_115' title='bbox 2581 1806 2730 1865; x_wconf 76' lang='lat' dir='ltr'><strong>prae-</strong></span> 
     </span>
     <span class='ocr_line' id='line_1_17' title="bbox 842 1883 2730 1963; baseline -0.002 -20"><span class='ocrx_word' id='word_1_116' title='bbox 842 1904 967 1943; x_wconf 85' lang='lat' dir='ltr'><strong>esse</strong></span> <span class='ocrx_word' id='word_1_117' title='bbox 1020 1883 1219 1942; x_wconf 88' lang='lat' dir='ltr'><strong>liberis</strong></span> <span class='ocrx_word' id='word_1_118' title='bbox 1269 1884 1604 1943; x_wconf 87' lang='lat' dir='ltr'><strong>bominibus</strong></span> <span class='ocrx_word' id='word_1_119' title='bbox 1659 1891 1952 1963; x_wconf 84' lang='lat' dir='ltr'><strong>oporteat,</strong></span> <span class='ocrx_word' id='word_1_120' title='bbox 2005 1893 2089 1952; x_wconf 86' lang='lat' dir='ltr'><strong>et,</strong></span> <span class='ocrx_word' id='word_1_121' title='bbox 2143 1886 2304 1962; x_wconf 78' lang='lat' dir='ltr'><strong>(quae</strong></span> <span class='ocrx_word' id='word_1_122' title='bbox 2353 1892 2730 1962; x_wconf 78' lang='lat' dir='ltr'><strong>tyrannorum</strong></span> 
     </span>
     <span class='ocr_line' id='line_1_18' title="bbox 842 1978 2728 2060; baseline -0.001 -21"><span class='ocrx_word' id='word_1_123' title='bbox 842 1979 1100 2040; x_wconf 83' lang='lat' dir='ltr'><strong>amentia</strong></span> <span class='ocrx_word' id='word_1_124' title='bbox 1114 1985 1269 2059; x_wconf 84' lang='lat' dir='ltr'><strong>·est,)</strong></span> <span class='ocrx_word' id='word_1_125' title='bbox 1294 1982 1455 2039; x_wconf 83' lang='lat' dir='ltr'><strong>cives</strong></span> <span class='ocrx_word' id='word_1_126' title='bbox 1478 1983 1666 2059; x_wconf 80' lang='lat' dir='ltr'><strong>mag-is</strong></span> <span class='ocrx_word' id='word_1_127' title='bbox 1691 2000 1868 2060; x_wconf 87' lang='lat' dir='ltr'><strong>quam</strong></span> <span class='ocrx_word' id='word_1_128' title='bbox 1904 1981 2099 2039; x_wconf 78' lang='lat' dir='ltr'><strong>hostes</strong></span> <span class='ocrx_word' id='word_1_129' title='bbox 2122 1979 2372 2038; x_wconf 87' lang='lat' dir='ltr'><strong>timenti.</strong></span> <span class='ocrx_word' id='word_1_130' title='bbox 2455 1978 2620 2037; x_wconf 86' lang='lat' dir='ltr'><strong>Nam</strong></span> <span class='ocrx_word' id='word_1_131' title='bbox 2645 1988 2728 2049; x_wconf 79' lang='lat' dir='ltr'><strong>et,</strong></span> 
     </span>
     <span class='ocr_line' id='line_1_19' title="bbox 840 2072 2728 2154; baseline 0 -21"><span class='ocrx_word' id='word_1_132' title='bbox 840 2076 890 2133; x_wconf 82' lang='lat' dir='ltr'><strong>si</strong></span> <span class='ocrx_word' id='word_1_133' title='bbox 916 2075 1058 2154; x_wconf 89' lang='lat' dir='ltr'><strong>qnid</strong></span> <span class='ocrx_word' id='word_1_134' title='bbox 1085 2076 1459 2135; x_wconf 87' lang='lat' dir='ltr'><strong>metuendum</strong></span> <span class='ocrx_word' id='word_1_135' title='bbox 1486 2078 1545 2135; x_wconf 89' lang='lat' dir='ltr'><strong>in</strong></span> <span class='ocrx_word' id='word_1_136' title='bbox 1570 2078 1814 2135; x_wconf 80' lang='lat' dir='ltr'><strong>civitate</strong></span> <span class='ocrx_word' id='word_1_137' title='bbox 1851 2077 1984 2145; x_wconf 87' lang='lat' dir='ltr'><strong>erit,</strong></span> <span class='ocrx_word' id='word_1_138' title='bbox 2027 2076 2104 2134; x_wconf 90' lang='lat' dir='ltr'><strong>ab</strong></span> <span class='ocrx_word' id='word_1_139' title='bbox 2129 2075 2220 2133; x_wconf 87' lang='lat' dir='ltr'><strong>bis</strong></span> <span class='ocrx_word' id='word_1_140' title='bbox 2245 2076 2440 2153; x_wconf 81' lang='lat' dir='ltr'><strong>potius</strong></span> <span class='ocrx_word' id='word_1_141' title='bbox 2463 2072 2728 2153; x_wconf 78' lang='lat' dir='ltr'><strong>proficis·-</strong></span> 
     </span>
     <span class='ocr_line' id='line_1_20' title="bbox 840 2169 2726 2250; baseline 0 -21"><span class='ocrx_word' id='word_1_142' title='bbox 840 2180 1027 2240; x_wconf 84' lang='lat' dir='ltr'><strong>cetur,</strong></span> <span class='ocrx_word' id='word_1_143' title='bbox 1054 2172 1156 2250; x_wconf 85' lang='lat' dir='ltr'><strong>qui</strong></span> <span class='ocrx_word' id='word_1_144' title='bbox 1183 2170 1357 2229; x_wconf 89' lang='lat' dir='ltr'><strong>rudes</strong></span> <span class='ocrx_word' id='word_1_145' title='bbox 1380 2172 1670 2231; x_wconf 83' lang='lat' dir='ltr'><strong>bonarum</strong></span> <span class='ocrx_word' id='word_1_146' title='bbox 1697 2173 1909 2230; x_wconf 86' lang='lat' dir='ltr'><strong>artium</strong></span> <span class='ocrx_word' id='word_1_147' title='bbox 1945 2179 2009 2230; x_wconf 87' lang='lat' dir='ltr'><strong>et</strong></span> <span class='ocrx_word' id='word_1_148' title='bbox 2033 2171 2492 2249; x_wconf 67' lang='lat' dir='ltr'><strong>intemperanti-m</strong></span> <span class='ocrx_word' id='word_1_149' title='bbox 2516 2169 2726 2239; x_wconf 84' lang='lat' dir='ltr'><strong>dediti,</strong></span> 
     </span>
     <span class='ocr_line' id='line_1_21' title="bbox 838 2265 2726 2328; baseline 0.002 -5"><span class='ocrx_word' id='word_1_150' title='bbox 838 2284 953 2326; x_wconf 84' lang='lat' dir='ltr'><strong>nee</strong></span> <span class='ocrx_word' id='word_1_151' title='bbox 994 2267 1083 2325; x_wconf 86' lang='lat' dir='ltr'><strong>sui</strong></span> <span class='ocrx_word' id='word_1_152' title='bbox 1131 2287 1241 2327; x_wconf 91' lang='lat' dir='ltr'><strong>nec</strong></span> <span class='ocrx_word' id='word_1_153' title='bbox 1284 2268 1530 2327; x_wconf 88' lang='lat' dir='ltr'><strong>aliorum</strong></span> <span class='ocrx_word' id='word_1_154' title='bbox 1566 2268 1784 2328; x_wconf 85' lang='lat' dir='ltr'><strong>habere</strong></span> <span class='ocrx_word' id='word_1_155' title='bbox 1819 2268 2107 2328; x_wconf 86' lang='lat' dir='ltr'><strong>rationem</strong></span> <span class='ocrx_word' id='word_1_156' title='bbox 2147 2265 2331 2325; x_wconf 85' lang='lat' dir='ltr'><strong>ullam</strong></span> <span class='ocrx_word' id='word_1_157' title='bbox 2375 2265 2726 2327; x_wconf 83' lang='lat' dir='ltr'><strong>didicerunt.</strong></span> 
     </span>
     <span class='ocr_line' id='line_1_22' title="bbox 841 2361 2726 2442; baseline 0.001 -22"><span class='ocrx_word' id='word_1_158' title='bbox 841 2362 935 2420; x_wconf 89' lang='lat' dir='ltr'><strong>At</strong></span> <span class='ocrx_word' id='word_1_159' title='bbox 960 2362 1108 2422; x_wconf 89' lang='lat' dir='ltr'><strong>bene</strong></span> <span class='ocrx_word' id='word_1_160' title='bbox 1136 2372 1315 2442; x_wconf 87' lang='lat' dir='ltr'><strong>atque</strong></span> <span class='ocrx_word' id='word_1_161' title='bbox 1340 2362 1664 2423; x_wconf 80' lang='lat' dir='ltr'><strong>liberaliter</strong></span> <span class='ocrx_word' id='word_1_162' title='bbox 1687 2363 1922 2423; x_wconf 85' lang='lat' dir='ltr'><strong>educati</strong></span> <span class='ocrx_word' id='word_1_163' title='bbox 1947 2362 2258 2441; x_wconf 85' lang='lat' dir='ltr'><strong>edoctique</strong></span> <span class='ocrx_word' id='word_1_164' title='bbox 2283 2362 2572 2421; x_wconf 84' lang='lat' dir='ltr'><strong>neminem</strong></span> <span class='ocrx_word' id='word_1_165' title='bbox 2601 2361 2726 2428; x_wconf 83' lang='lat' dir='ltr'><strong>afli·</strong></span> 
     </span>
     <span class='ocr_line' id='line_1_23' title="bbox 838 2457 2726 2538; baseline 0.001 -21"><span class='ocrx_word' id='word_1_166' title='bbox 838 2477 971 2517; x_wconf 88' lang='lat' dir='ltr'><strong>cere</strong></span> <span class='ocrx_word' id='word_1_167' title='bbox 1012 2460 1229 2537; x_wconf 84' lang='lat' dir='ltr'><strong>injuria</strong></span> <span class='ocrx_word' id='word_1_168' title='bbox 1252 2457 1475 2527; x_wconf 77' lang='lat' dir='ltr'><strong>velint:</strong></span> <span class='ocrx_word' id='word_1_169' title='bbox 1520 2460 1779 2518; x_wconf 86' lang='lat' dir='ltr'><strong>omnium</strong></span> <span class='ocrx_word' id='word_1_170' title='bbox 1820 2468 2018 2519; x_wconf 86' lang='lat' dir='ltr'><strong>autem</strong></span> <span class='ocrx_word' id='word_1_171' title='bbox 2057 2460 2292 2517; x_wconf 87' lang='lat' dir='ltr'><strong>minime</strong></span> <span class='ocrx_word' id='word_1_172' title='bbox 2318 2458 2509 2529; x_wconf 87' lang='lat' dir='ltr'><strong>illum,</strong></span> <span class='ocrx_word' id='word_1_173' title='bbox 2551 2460 2726 2538; x_wconf 77' lang='lat' dir='ltr'><strong>q&#39;uem</strong></span> 
     </span>
     <span class='ocr_line' id='line_1_24' title="bbox 836 2553 2724 2634; baseline 0.002 -23"><span class='ocrx_word' id='word_1_174' title='bbox 836 2553 951 2612; x_wconf 84' lang='lat' dir='ltr'><strong>sibi</strong></span> <span class='ocrx_word' id='word_1_175' title='bbox 976 2562 1099 2613; x_wconf 83' lang='lat' dir='ltr'><strong>tam</strong></span> <span class='ocrx_word' id='word_1_176' title='bbox 1136 2556 1437 2634; x_wconf 77' lang='lat' dir='ltr'><strong>praeclarae</strong></span> <span class='ocrx_word' id='word_1_177' title='bbox 1464 2557 1841 2615; x_wconf 85' lang='lat' dir='ltr'><strong>institutionis</strong></span> <span class='ocrx_word' id='word_1_178' title='bbox 1878 2566 2178 2615; x_wconf 83' lang='lat' dir='ltr'><strong>auctorem</strong></span> <span class='ocrx_word' id='word_1_179' title='bbox 2217 2556 2486 2615; x_wconf 75' lang='lat' dir='ltr'><strong>extitisse</strong></span> <span class='ocrx_word' id='word_1_180' title='bbox 2514 2556 2724 2614; x_wconf 81' lang='lat' dir='ltr'><strong>norint.</strong></span> 
     </span>
     <span class='ocr_line' id='line_1_25' title="bbox 840 2650 2730 2731; baseline 0.001 -24"><span class='ocrx_word' id='word_1_181' title='bbox 840 2650 1025 2715; x_wconf 81' lang='lat' dir='ltr'><strong>Quod</strong></span> <span class='ocrx_word' id='word_1_182' title='bbox 1062 2652 1111 2707; x_wconf 88' lang='lat' dir='ltr'><strong>si</strong></span> <span class='ocrx_word' id='word_1_183' title='bbox 1157 2650 1311 2710; x_wconf 81' lang='lat' dir='ltr'><strong>sorte</strong></span> <span class='ocrx_word' id='word_1_184' title='bbox 1348 2661 1570 2711; x_wconf 80' lang='lat' dir='ltr'><strong>naturae</strong></span> <span class='ocrx_word' id='word_1_185' title='bbox 1613 2654 1873 2731; x_wconf 76' lang='lat' dir='ltr'><strong>pravitas</strong></span> <span class='ocrx_word' id='word_1_186' title='bbox 1909 2653 1966 2710; x_wconf 89' lang='lat' dir='ltr'><strong>in</strong></span> <span class='ocrx_word' id='word_1_187' title='bbox 1992 2650 2342 2731; x_wconf 77' lang='lat' dir='ltr'><strong>quibusdam</strong></span> <span class='ocrx_word' id='word_1_188' title='bbox 2363 2650 2730 2723; x_wconf 68' lang='lat' dir='ltr'><strong>educationis</strong></span> 
     </span>
     <span class='ocr_line' id='line_1_26' title="bbox 833 2745 2728 2826; baseline 0.001 -23"><span class='ocrx_word' id='word_1_189' title='bbox 833 2748 1035 2803; x_wconf 82' lang='lat' dir='ltr'><strong>‘curam</strong></span> <span class='ocrx_word' id='word_1_190' title='bbox 1076 2746 1285 2803; x_wconf 79' lang='lat' dir='ltr'><strong>vicerit</strong></span> <span class='ocrx_word' id='word_1_191' title='bbox 1302 2766 1319 2813; x_wconf 74' lang='grc' dir='ltr'>ς</span> <span class='ocrx_word' id='word_1_192' title='bbox 1366 2747 1457 2805; x_wconf 87' lang='lat' dir='ltr'><strong>his</strong></span> <span class='ocrx_word' id='word_1_193' title='bbox 1500 2745 1649 2804; x_wconf 84' lang='lat' dir='ltr'><strong>nihil</strong></span> <span class='ocrx_word' id='word_1_194' title='bbox 1687 2766 1887 2805; x_wconf 87' lang='lat' dir='ltr'><strong>earum</strong></span> <span class='ocrx_word' id='word_1_195' title='bbox 1931 2767 2146 2817; x_wconf 87' lang='lat' dir='ltr'><strong>rerum,</strong></span> <span class='ocrx_word' id='word_1_196' title='bbox 2187 2747 2400 2826; x_wconf 84' lang='lat' dir='ltr'><strong>quibus</strong></span> <span class='ocrx_word' id='word_1_197' title='bbox 2442 2748 2608 2807; x_wconf 86' lang='lat' dir='ltr'><strong>abuti</strong></span> <span class='ocrx_word' id='word_1_198' title='bbox 2649 2746 2728 2805; x_wconf 83' lang='lat' dir='ltr'><strong>ad</strong></span> 
     </span>
     <span class='ocr_line' id='line_1_27' title="bbox 833 2839 2800 2925; baseline 0.001 -26"><span class='ocrx_word' id='word_1_199' title='bbox 833 2839 1027 2899; x_wconf 80' lang='lat' dir='ltr'><strong>‘scelus</strong></span> <span class='ocrx_word' id='word_1_200' title='bbox 1065 2840 1311 2919; x_wconf 75' lang='lat' dir='ltr'><strong>possint,</strong></span> <span class='ocrx_word' id='word_1_201' title='bbox 1356 2842 1772 2901; x_wconf 81' lang='lat' dir='ltr'><strong>committetur.</strong></span> <span class='ocrx_word' id='word_1_202' title='bbox 1874 2842 2000 2907; x_wconf 82' lang='lat' dir='ltr'><strong>Qui</strong></span> <span class='ocrx_word' id='word_1_203' title='bbox 2054 2862 2192 2904; x_wconf 85' lang='lat' dir='ltr'><strong>vero</strong></span> <span class='ocrx_word' id='word_1_204' title='bbox 2241 2863 2315 2901; x_wconf 89' lang='lat' dir='ltr'><strong>ne</strong></span> <span class='ocrx_word' id='word_1_205' title='bbox 2331 2886 2342 2899; x_wconf 75' lang='lat'><strong>.</strong></span> <span class='ocrx_word' id='word_1_206' title='bbox 2359 2843 2446 2901; x_wconf 91' lang='lat' dir='ltr'><strong>sic</strong></span> <span class='ocrx_word' id='word_1_207' title='bbox 2486 2842 2724 2921; x_wconf 86' lang='lat' dir='ltr'><strong>quidem</strong></span> <span class='ocrx_word' id='word_1_208' title='bbox 2795 2917 2800 2925; x_wconf 26' lang='grc' dir='ltr'>ι</span> 
     </span>
     <span class='ocr_line' id='line_1_28' title="bbox 835 2936 2726 3018; baseline 0.002 -24"><span class='ocrx_word' id='word_1_209' title='bbox 835 2936 1141 3014; x_wconf 80' lang='lat' dir='ltr'><strong>quieverit,</strong></span> <span class='ocrx_word' id='word_1_210' title='bbox 1170 2936 1473 3005; x_wconf 81' lang='lat' dir='ltr'><strong>ferociam,</strong></span> <span class='ocrx_word' id='word_1_211' title='bbox 1499 2957 1680 3016; x_wconf 83' lang='lat' dir='ltr'><strong>quam</strong></span> <span class='ocrx_word' id='word_1_212' title='bbox 1719 2937 2034 3018; x_wconf 78' lang='lat' dir='ltr'><strong>disciplina</strong></span> <span class='ocrx_word' id='word_1_213' title='bbox 2073 2937 2280 3007; x_wconf 87' lang='lat' dir='ltr'><strong>noluit,</strong></span> <span class='ocrx_word' id='word_1_214' title='bbox 2307 2937 2596 3017; x_wconf 82' lang='lat' dir='ltr'><strong>supplicio</strong></span> <span class='ocrx_word' id='word_1_215' title='bbox 2620 2959 2726 3018; x_wconf 86' lang='lat' dir='ltr'><strong>po-</strong></span> 
     </span>
     <span class='ocr_line' id='line_1_29' title="bbox 834 3031 2725 3113; baseline 0.003 -24"><span class='ocrx_word' id='word_1_216' title='bbox 834 3031 975 3090; x_wconf 78' lang='lat' dir='ltr'><strong>n&#39;at:</strong></span> <span class='ocrx_word' id='word_1_217' title='bbox 1020 3031 1178 3111; x_wconf 88' lang='lat' dir='ltr'><strong>quod</strong></span> <span class='ocrx_word' id='word_1_218' title='bbox 1205 3033 1357 3092; x_wconf 85' lang='lat' dir='ltr'><strong>citra</strong></span> <span class='ocrx_word' id='word_1_219' title='bbox 1380 3042 1541 3093; x_wconf 84' lang='lat' dir='ltr'><strong>tuam</strong></span> <span class='ocrx_word' id='word_1_220' title='bbox 1572 3033 1852 3093; x_wconf 82' lang='lat' dir='ltr'><strong>invidiam</strong></span> <span class='ocrx_word' id='word_1_221' title='bbox 1883 3034 2170 3113; x_wconf 87' lang='lat' dir='ltr'><strong>intrepide</strong></span> <span class='ocrx_word' id='word_1_222' title='bbox 2195 3034 2500 3111; x_wconf 77' lang='lat' dir='ltr'><strong>irrogabis.</strong></span> <span class='ocrx_word' id='word_1_223' title='bbox 2581 3033 2651 3093; x_wconf 87' lang='lat' dir='ltr'>N</span> <span class='ocrx_word' id='word_1_224' title='bbox 2653 3054 2725 3095; x_wconf 82' lang='lat' dir='ltr'><strong>ec</strong></span> 
     </span>
     <span class='ocr_line' id='line_1_30' title="bbox 833 3128 2724 3210; baseline 0.001 -23"><span class='ocrx_word' id='word_1_225' title='bbox 833 3130 989 3189; x_wconf 89' lang='lat' dir='ltr'><strong>enim</strong></span> <span class='ocrx_word' id='word_1_226' title='bbox 1012 3129 1282 3209; x_wconf 89' lang='lat' dir='ltr'><strong>principi,</strong></span> <span class='ocrx_word' id='word_1_227' title='bbox 1302 3138 1372 3189; x_wconf 89' lang='lat' dir='ltr'><strong>ut</strong></span> <span class='ocrx_word' id='word_1_228' title='bbox 1396 3130 1651 3201; x_wconf 88' lang='lat' dir='ltr'><strong>medico,</strong></span> <span class='ocrx_word' id='word_1_229' title='bbox 1671 3131 1819 3189; x_wconf 76' lang='lat' dir='ltr'><strong>vitio</strong></span> <span class='ocrx_word' id='word_1_230' title='bbox 1845 3130 2105 3199; x_wconf 86' lang='lat' dir='ltr'><strong>vertitur,</strong></span> <span class='ocrx_word' id='word_1_231' title='bbox 2131 3131 2182 3188; x_wconf 87' lang='lat' dir='ltr'><strong>si</strong></span> <span class='ocrx_word' id='word_1_232' title='bbox 2201 3128 2428 3189; x_wconf 82' lang='lat' dir='ltr'><strong>recidat</strong></span> <span class='ocrx_word' id='word_1_233' title='bbox 2441 3130 2724 3210; x_wconf 78' lang='lat' dir='ltr'><strong>quicquid</strong></span> 
     </span>
    </p>
   </div>
   <div class='ocr_carea' id='block_1_4' title="bbox 810 3223 2722 3307">
    <p class='ocr_par' dir='ltr' id='par_1_5' title="bbox 810 3223 2722 3307">
     <span class='ocr_line' id='line_1_31' title="bbox 810 3223 2722 3307; baseline 0.002 -26"><span class='ocrx_word' id='word_1_234' title='bbox 810 3223 1159 3307; x_wconf 16' lang='lat' dir='ltr'><strong>*insanabile</strong></span> <span class='ocrx_word' id='word_1_235' title='bbox 1206 3234 1267 3284; x_wconf 89' lang='lat' dir='ltr'><strong>et</strong></span> <span class='ocrx_word' id='word_1_236' title='bbox 1308 3246 1521 3306; x_wconf 88' lang='lat' dir='ltr'><strong>corpus</strong></span> <span class='ocrx_word' id='word_1_237' title='bbox 1552 3226 1824 3303; x_wconf 76' lang='lat' dir='ltr'><strong>contagio</strong></span> <span class='ocrx_word' id='word_1_238' title='bbox 1863 3224 2212 3285; x_wconf 76' lang='lat' dir='ltr'><strong>infectarum</strong></span> <span class='ocrx_word' id='word_1_239' title='bbox 2253 3224 2722 3305; x_wconf 84' lang='lat' dir='ltr'><strong>deprehenderit.</strong></span> 
     </span>
    </p>
   </div>
   <div class='ocr_carea' id='block_1_5' title="bbox 815 3318 2722 4269">
    <p class='ocr_par' dir='ltr' id='par_1_6' title="bbox 824 3318 2722 3664">
     <span class='ocr_line' id='line_1_32' title="bbox 836 3318 2720 3400; baseline 0.003 -23"><span class='ocrx_word' id='word_1_240' title='bbox 836 3318 1017 3379; x_wconf 89' lang='lat' dir='ltr'><strong>Illum</strong></span> <span class='ocrx_word' id='word_1_241' title='bbox 1047 3322 1241 3399; x_wconf 88' lang='lat' dir='ltr'><strong>potius</strong></span> <span class='ocrx_word' id='word_1_242' title='bbox 1268 3322 1541 3381; x_wconf 86' lang='lat' dir='ltr'><strong>onerabit</strong></span> <span class='ocrx_word' id='word_1_243' title='bbox 1564 3322 1820 3380; x_wconf 89' lang='lat' dir='ltr'><strong>omnium</strong></span> <span class='ocrx_word' id='word_1_244' title='bbox 1849 3320 2194 3399; x_wconf 80' lang='lat' dir='ltr'><strong>indignatio,</strong></span> <span class='ocrx_word' id='word_1_245' title='bbox 2213 3323 2316 3400; x_wconf 91' lang='lat' dir='ltr'><strong>qui</strong></span> <span class='ocrx_word' id='word_1_246' title='bbox 2339 3322 2605 3381; x_wconf 81' lang='lat' dir='ltr'><strong>similiter</strong></span> <span class='ocrx_word' id='word_1_247' title='bbox 2628 3333 2720 3383; x_wconf 84' lang='lat' dir='ltr'><strong>at·</strong></span> 
     </span>
     <span class='ocr_line' id='line_1_33' title="bbox 831 3415 2722 3493; baseline 0.003 -20"><span class='ocrx_word' id='word_1_248' title='bbox 831 3434 947 3493; x_wconf 88' lang='lat' dir='ltr'><strong>que</strong></span> <span class='ocrx_word' id='word_1_249' title='bbox 970 3417 1155 3475; x_wconf 85' lang='lat' dir='ltr'><strong>ceteri</strong></span> <span class='ocrx_word' id='word_1_250' title='bbox 1180 3415 1740 3485; x_wconf 86' lang='lat' dir='ltr'><strong>educatus‚-tantum</strong></span> <span class='ocrx_word' id='word_1_251' title='bbox 1767 3426 1830 3475; x_wconf 88' lang='lat' dir='ltr'><strong>et</strong></span> <span class='ocrx_word' id='word_1_252' title='bbox 1855 3436 1894 3475; x_wconf 86' lang='lat' dir='ltr'><strong>a</strong></span> <span class='ocrx_word' id='word_1_253' title='bbox 1915 3418 2075 3476; x_wconf 86' lang='lat' dir='ltr'><strong>bona</strong></span> <span class='ocrx_word' id='word_1_254' title='bbox 2111 3426 2330 3487; x_wconf 84' lang='lat' dir='ltr'><strong>mente,</strong></span> <span class='ocrx_word' id='word_1_255' title='bbox 2349 3428 2414 3475; x_wconf 88' lang='lat' dir='ltr'><strong>et</strong></span> <span class='ocrx_word' id='word_1_256' title='bbox 2434 3438 2473 3475; x_wconf 90' lang='lat' dir='ltr'><strong>a</strong></span> <span class='ocrx_word' id='word_1_257' title='bbox 2491 3418 2722 3479; x_wconf 83' lang='lat' dir='ltr'><strong>modes-</strong></span> 
     </span>
     <span class='ocr_line' id='line_1_34' title="bbox 824 3510 2718 3592; baseline 0.004 -25"><span class='ocrx_word' id='word_1_258' title='bbox 824 3510 914 3567; x_wconf 84' lang='lat' dir='ltr'><strong>tia</strong></span> <span class='ocrx_word' id='word_1_259' title='bbox 940 3518 1267 3569; x_wconf 76' lang='lat' dir='ltr'><strong>ceterorum</strong></span> <span class='ocrx_word' id='word_1_260' title='bbox 1289 3511 1620 3571; x_wconf 82' lang='lat' dir='ltr'><strong>desciverit.</strong></span> <span class='ocrx_word' id='word_1_261' title='bbox 1705 3510 1826 3571; x_wconf 87' lang='lat' dir='ltr'><strong>Sed</strong></span> <span class='ocrx_word' id='word_1_262' title='bbox 1847 3510 1922 3571; x_wconf 90' lang='lat' dir='ltr'><strong>de</strong></span> <span class='ocrx_word' id='word_1_263' title='bbox 1947 3512 2312 3571; x_wconf 83' lang='lat' dir='ltr'><strong>senatoribus</strong></span> <span class='ocrx_word' id='word_1_264' title='bbox 2335 3521 2398 3571; x_wconf 88' lang='lat' dir='ltr'><strong>et</strong></span> <span class='ocrx_word' id='word_1_265' title='bbox 2421 3514 2718 3592; x_wconf 78' lang='lat' dir='ltr'><strong>equitibus</strong></span> 
     </span>
     <span class='ocr_line' id='line_1_35' title="bbox 838 3606 1143 3664; baseline 0 -1"><span class='ocrx_word' id='word_1_266' title='bbox 838 3606 1143 3664; x_wconf 82' lang='lat' dir='ltr'><strong>hactenus.</strong></span> 
     </span>
    </p>

    <p class='ocr_par' dir='ltr' id='par_1_7' title="bbox 815 3700 2715 4269">
     <span class='ocr_line' id='line_1_36' title="bbox 906 3700 2715 3785; baseline 0.002 -24"><span class='ocrx_word' id='word_1_267' title='bbox 906 3708 1007 3761; x_wconf 76' lang='lat'><strong>49.</strong></span> <span class='ocrx_word' id='word_1_268' title='bbox 1051 3709 1069 3736; x_wconf 86' lang='lat'>‘</span> <span class='ocrx_word' id='word_1_269' title='bbox 1100 3700 1209 3761; x_wconf 82' lang='lat' dir='ltr'><strong>Ad</strong></span> <span class='ocrx_word' id='word_1_270' title='bbox 1245 3701 1465 3761; x_wconf 85' lang='lat' dir='ltr'><strong>milites</strong></span> <span class='ocrx_word' id='word_1_271' title='bbox 1508 3711 1764 3773; x_wconf 90' lang='lat' dir='ltr'><strong>transeo,</strong></span> <span class='ocrx_word' id='word_1_272' title='bbox 1806 3724 1974 3782; x_wconf 87' lang='lat' dir='ltr'><strong>quos.</strong></span> <span class='ocrx_word' id='word_1_273' title='bbox 1993 3704 2420 3785; x_wconf 62' lang='lat' dir='ltr'><strong>tibissperpetuo</strong></span> <span class='ocrx_word' id='word_1_274' title='bbox 2463 3706 2715 3765; x_wconf 86' lang='lat' dir='ltr'><strong>retinen·</strong></span> 
     </span>
     <span class='ocr_line' id='line_1_37' title="bbox 825 3794 2714 3881; baseline 0.004 -27"><span class='ocrx_word' id='word_1_275' title='bbox 825 3794 933 3855; x_wconf 78' lang='lat' dir='ltr'><strong>dos</strong></span> <span class='ocrx_word' id='word_1_276' title='bbox 955 3816 1081 3856; x_wconf 86' lang='lat' dir='ltr'><strong>esse</strong></span> <span class='ocrx_word' id='word_1_277' title='bbox 1106 3797 1216 3855; x_wconf 86' lang='lat' dir='ltr'><strong>sub</strong></span> <span class='ocrx_word' id='word_1_278' title='bbox 1251 3797 1435 3876; x_wconf 82' lang='lat' dir='ltr'><strong>signis</strong></span> <span class='ocrx_word' id='word_1_279' title='bbox 1460 3808 1725 3869; x_wconf 89' lang='lat' dir='ltr'><strong>autumo,</strong></span> <span class='ocrx_word' id='word_1_280' title='bbox 1763 3819 1866 3879; x_wconf 89' lang='lat' dir='ltr'><strong>per</strong></span> <span class='ocrx_word' id='word_1_281' title='bbox 1893 3800 2230 3879; x_wconf 79' lang='lat' dir='ltr'><strong>provincias</strong></span> <span class='ocrx_word' id='word_1_282' title='bbox 2253 3802 2468 3861; x_wconf 74' lang='lat' dir='ltr'><strong>aesfivis</strong></span> <span class='ocrx_word' id='word_1_283' title='bbox 2499 3802 2714 3881; x_wconf 77' lang='lat' dir='ltr'><strong>hyber-</strong></span> 
     </span>
     <span class='ocr_line' id='line_1_38' title="bbox 824 3891 2712 3975; baseline 0.006 -27"><span class='ocrx_word' id='word_1_284' title='bbox 824 3891 1029 3971; x_wconf 88' lang='lat' dir='ltr'><strong>nisque</strong></span> <span class='ocrx_word' id='word_1_285' title='bbox 1072 3892 1421 3963; x_wconf 86' lang='lat' dir='ltr'><strong>constitutis,</strong></span> <span class='ocrx_word' id='word_1_286' title='bbox 1468 3902 1537 3952; x_wconf 86' lang='lat' dir='ltr'><strong>ut</strong></span> <span class='ocrx_word' id='word_1_287' title='bbox 1577 3897 1864 3975; x_wconf 81' lang='lat' dir='ltr'><strong>cujusque</strong></span> <span class='ocrx_word' id='word_1_288' title='bbox 1907 3892 2025 3955; x_wconf 88' lang='lat' dir='ltr'><strong>loci</strong></span> <span class='ocrx_word' id='word_1_289' title='bbox 2067 3895 2329 3963; x_wconf 87' lang='lat' dir='ltr'><strong>conditio</strong></span> <span class='ocrx_word' id='word_1_290' title='bbox 2365 3898 2712 3959; x_wconf 74' lang='lat' dir='ltr'><strong>hortabitur.</strong></span> 
     </span>
     <span class='ocr_line' id='line_1_39' title="bbox 822 3984 2714 4071; baseline 0.005 -27"><span class='ocrx_word' id='word_1_291' title='bbox 822 3984 947 4045; x_wconf 86' lang='lat' dir='ltr'><strong>His</strong></span> <span class='ocrx_word' id='word_1_292' title='bbox 972 3996 1193 4047; x_wconf 85' lang='lat' dir='ltr'><strong>certum</strong></span> <span class='ocrx_word' id='word_1_293' title='bbox 1219 3988 1643 4068; x_wconf 85' lang='lat' dir='ltr'><strong>stipendiorum</strong></span> <span class='ocrx_word' id='word_1_294' title='bbox 1668 4010 1970 4050; x_wconf 88' lang='lat' dir='ltr'><strong>numerum</strong></span> <span class='ocrx_word' id='word_1_295' title='bbox 2009 3989 2278 4062; x_wconf 87' lang='lat' dir='ltr'><strong>definies,</strong></span> <span class='ocrx_word' id='word_1_296' title='bbox 2307 4001 2374 4051; x_wconf 89' lang='lat' dir='ltr'><strong>ut</strong></span> <span class='ocrx_word' id='word_1_297' title='bbox 2403 3993 2486 4051; x_wconf 87' lang='lat' dir='ltr'><strong>eis</strong></span> <span class='ocrx_word' id='word_1_298' title='bbox 2511 3992 2714 4071; x_wconf 87' lang='lat' dir='ltr'><strong>aliqua</strong></span> 
     </span>
     <span class='ocr_line' id='line_1_40' title="bbox 818 4084 2708 4167; baseline 0.006 -28"><span class='ocrx_word' id='word_1_299' title='bbox 818 4101 954 4161; x_wconf 83' lang='lat' dir='ltr'><strong>pars</strong></span> <span class='ocrx_word' id='word_1_300' title='bbox 998 4084 1189 4143; x_wconf 82' lang='lat' dir='ltr'><strong>oetatis</strong></span> <span class='ocrx_word' id='word_1_301' title='bbox 1230 4104 1421 4145; x_wconf 83' lang='lat' dir='ltr'><strong>vacua</strong></span> <span class='ocrx_word' id='word_1_302' title='bbox 1461 4086 1664 4147; x_wconf 84' lang='lat' dir='ltr'><strong>labore</strong></span> <span class='ocrx_word' id='word_1_303' title='bbox 1713 4097 1844 4167; x_wconf 86' lang='lat' dir='ltr'><strong>post</strong></span> <span class='ocrx_word' id='word_1_304' title='bbox 1882 4088 2210 4147; x_wconf 80' lang='lat' dir='ltr'><strong>missionem</strong></span> <span class='ocrx_word' id='word_1_305' title='bbox 2237 4090 2503 4167; x_wconf 88' lang='lat' dir='ltr'><strong>supersit.</strong></span> <span class='ocrx_word' id='word_1_306' title='bbox 2589 4090 2708 4150; x_wconf 86' lang='lat' dir='ltr'><strong>Sed</strong></span> 
     </span>
     <span class='ocr_line' id='line_1_41' title="bbox 815 4178 2704 4269; baseline 0.006 -34"><span class='ocrx_word' id='word_1_307' title='bbox 815 4196 893 4235; x_wconf 81' lang='lat' dir='ltr'><strong>ex</strong></span> <span class='ocrx_word' id='word_1_308' title='bbox 920 4178 1097 4238; x_wconf 83' lang='lat' dir='ltr'><strong>sociis</strong></span> <span class='ocrx_word' id='word_1_309' title='bbox 1130 4180 1307 4241; x_wconf 86' lang='lat' dir='ltr'><strong>etiam</strong></span> <span class='ocrx_word' id='word_1_310' title='bbox 1336 4202 1409 4242; x_wconf 89' lang='lat' dir='ltr'><strong>ac</strong></span> <span class='ocrx_word' id='word_1_311' title='bbox 1450 4184 1766 4262; x_wconf 81' lang='lat' dir='ltr'><strong>provinciis</strong></span> <span class='ocrx_word' id='word_1_312' title='bbox 1793 4182 2022 4244; x_wconf 84' lang='lat' dir='ltr'><strong>auxilia</strong></span> <span class='ocrx_word' id='word_1_313' title='bbox 2046 4183 2282 4244; x_wconf 84' lang='lat' dir='ltr'><strong>delecta</strong></span> <span class='ocrx_word' id='word_1_314' title='bbox 2308 4188 2516 4246; x_wconf 79' lang='lat' dir='ltr'><strong>nostris</strong></span> <span class='ocrx_word' id='word_1_315' title='bbox 2556 4187 2704 4269; x_wconf 73' lang='lat' dir='ltr'><strong>legi-</strong></span> 
     </span>
    </p>
   </div>
  </div>
 </body>
</html>
