3159 4959
1216 440 1707 491 rucuma-A.
2370 426 2546 490 5913

432 580 603 643 Plut-
654 584 711 641 in
746 581 1012 641 -Lucullo
1057 600 1117 661 p.
1165 582 1302 641 511.
1356 583 1459 641 ubi
1510 590 1862 641 memoratur
1911 580 2175 660 proelium
2229 581 2378 641 inter
2421 580 2542 641 Lu-

347 679 571 738 cullum
595 688 657 738 et
678 677 993 757 Tigranem
1018 677 1095 737 ad
1119 676 1554 755 Tigranocerta.
1600 677 1700 737 cf.
1733 676 1895 757 Epit.
1923 685 1985 737 et
2021 676 2286 735 Freinsb.
2327 676 2543 758 Suppl.

352 790 605 833 xcvxn.
634 782 733 834 49.

440 872 669 935 Livius
692 876 931 935 auctor
952 874 1077 944 est,
1120 872 1333 953 priore
1358 872 1591 951 praelio
1629 870 1746 947 (ad
1775 870 2280 953 Tigranocerta)
2313 869 2539 953 plures

348 970 585 1045 fuisse,
628 974 695 1035 in
740 972 871 1036 hoc
911 972 1023 1049 (ad
1064 971 1423 1049 Artaxata)
1464 970 1828 1035 nobiliores
1872 972 2154 1037 hostium
2205 989 2422 1036 caesos
2471 980 2544 1037 et

350 1080 608 1231 caf’tliiz·
627 1172 668 1231 1.
697 1172 737 1230 1.
766 1193 826 1252 p.
854 1178 992 1232 513.
1037 1171 1136 1230 cf.
1167 1170 1333 1251 Epit.
1360 1180 1421 1231 et
1450 1170 1714 1232 Freinsh.
1745 1171 1957 1253 Suppl.
1980 1192 2034 1232 c.
2058 1178 2156 1235 73.

1155 1335 1257 1381 An
1307 1333 1454 1381 mn.
1503 1332 1723 1382 xcix.

436 1466 637 1531 Creta
681 1468 894 1551 primo
923 1468 1193 1553 quidem
1223 1476 1484 1535 centum
1518 1470 1755 1535 habuit
1785 1472 2136 1551 civitates;
2189 1470 2363 1535 unde
2393 1430 2542 1536 He-

350 1570 757 1651 catompolis
799 1569 984 1634 dicta
1025 1575 1162 1634 est:
1210 1576 1359 1654 post
1400 1571 1633 1653 viginti
1676 1580 1994 1655 quatuor:
2041 1573 2220 1651 inde,
2255 1580 2330 1637 ut
2372 1572 2541 1636 dici-

348 1674 471 1745 tur,
492 1669 691 1749 dnae,
715 1669 993 1735 Gnoson
1014 1677 1084 1736 et
1114 1670 1629 1757 Hierapidnam.
1696 1672 2029 1753 Quamvis
2058 1675 2292 1739 Livius
2315 1675 2540 1759 plures

348 1789 389 1834 a
425 1769 701 1835 Metello
730 1781 1157 1855 expugnatas
1189 1772 1391 1837 dicat.

428 1870 595 1931 Serv.
624 1871 702 1932 ad
725 1871 895 1951 Virg.
922 1872 1063 1931 AEn.
1096 1888 1203 1933 111.
1231 1880 1369 1933 106.
1440 1872 1539 1933 cf.
1568 1874 1736 1953 Epit.
1817 1943 1824 1951 .

1208 2085 1311 2132 An
1364 2083 1512 2131 mn.
1545 2082 1674 2131 cn.

438 2216 641 2296 Quod
673 2237 825 2282 cum
856 2218 1213 2282 diluisset?

428 2319 733 2395 Agroetius
770 2318 847 2378 de
890 2318 1172 2396 Orthogr.
1214 2320 1273 2377 in
1301 2319 1580 2379 Putschii
1628 2318 1814 2398 Corp.
1859 2318 2126 2378 Gramm.
2170 2340 2230 2398 p.
2263 2326 2442 2383 2267.
2481 2332 2543 2383 et

350 2410 701 2472 Gothofred.
730 2412 984 2473 Auctor.
1014 2412 1186 2490 Ling.
1218 2413 1351 2475 Lat.
1380 2434 1439 2494 p.
1466 2422 1648 2477 1352.
1689 2416 1795 2496 qui
1833 2414 2064 2473 Livium
2088 2413 2164 2472 de
2199 2424 2385 2475 morte
2415 2417 2538 2475 Mi-

347 2506 621 2569 thridatis
651 2508 711 2566 id
737 2508 957 2569 dixisse
982 2508 1242 2569 tradunt.

432 2605 693 2670 Etenim
736 2612 939 2689 capta
965 2607 1131 2670 urbe
1158 2604 1670 2691 (Hierosolyma
1697 2626 1742 2672 a
1774 2607 1900 2672 Cn.
1947 2604 2310 2691 Pompeio)
2347 2610 2542 2673 tertio

341 2709 607 2779 demum
624 2726 873 2785 mense,
902 2708 1013 2771 die
1030 2707 1295 2792 jejunii,
1318 2708 1720 2792 Olympiade
1746 2724 2106 2786 cnxxrx„
2139 2706 2217 2771 C.
2243 2708 2538 2775 Antonio

341 2816 409 2873 et
455 2808 551 2872 Μ.
583 2809 810 2874 Tullio
858 2808 1175 2874 Cicerone
1204 2810 1618 2887 consulibuS‚
1671 2830 1824 2875 cum
1869 2810 2096 2875 hostes
2140 2810 2210 2875 vi
2257 2810 2538 2893 ingressi

341 2928 481 2985 eoa,
530 2914 647 2991 qui
694 2917 889 2974 erant
917 2910 985 2975 in
1014 2911 1294 2993 templo,
1326 2910 1734 2992 jugularent,
1781 2911 1985 2975 nihilo
2025 2912 2250 2977 secius
2291 2930 2426 2977 rem
2467 2914 2541 2977 hi

344 3009 639 3074 divinam
666 3012 887 3074 facere
916 3011 1457 3093 perseverabant,
1484 3028 1704 3094 neque
1734 3017 1915 3074 metu
1937 3012 2095 3074 vitae
2133 3012 2538 3093 amittendae,

342 3130 564 3194 neque
610 3112 700 3174 ob
742 3110 1230 3175 multitudinem
1275 3110 1618 3174 hominnm
1654 3112 1796 3194 jam
1831 3130 2160 3176 caesorum
2199 3114 2264 3179 in
2310 3113 2538 3197 fugam

344 3212 705 3297 compulsi,
750 3218 825 3275 et
851 3212 1067 3276 satius
1100 3230 1253 3275 esse
1296 3211 1450 3287 rati,
1494 3211 1813 3295 quicquid
1848 3213 1992 3294 pati
2023 3218 2200 3277 esset
2241 3233 2538 3293 necesse,

340 3314 431 3377 ad
462 3315 648 3397 ipsas
691 3310 981 3396 perferre
1011 3330 1189 3388 τινας,
1232 3330 1433 3394 quam
1478 3310 1738 3395 aliquid
1768 3312 2034 3394 legibus
2085 3314 2332 3395 patriis
2362 3335 2536 3397 pree-

345 3419 610 3497 ceptum
638 3414 995 3497 negligere.
1068 3412 1247 3479 Haec
1276 3419 1497 3478 autem
1526 3432 1660 3477 non
1681 3432 1835 3479 esse
1861 3413 2194 3490 fabulosa,
2225 3415 2418 3479 unice
2449 3414 2538 3479 ad

340 3516 577 3591 falsam
604 3517 921 3599 pietatem
967 3514 1469 3600 praedicandam
1516 3516 1911 3598 spectantia,
1957 3514 2076 3579 sed
2121 3532 2304 3593 vera,
2350 3517 2536 3583 testi·

342 3617 573 3680 monio
622 3625 806 3694 sunt,
858 3617 976 3700 qui
1024 3636 1129 3681 res
1175 3636 1220 3680 a
1266 3616 1596 3701 Pompeio
1644 3622 1871 3697 gestas
1918 3617 2258 3680 memoriae
2312 3617 2536 3698 prodi-

343 3715 621 3796 derunt;
650 3718 717 3780 in
747 3717 849 3780 his
879 3717 1124 3782 Strabo
1151 3725 1225 3783 et
1248 3717 1604 3795 NicolauS,
1635 3736 1718 3782 ac
1741 3724 1984 3800 praeter
2011 3716 2140 3782 hos
2167 3716 2248 3781 Τ.
2274 3716 2534 3798 Liviae,

341 3815 640 3882 historiae
675 3816 880 3881 Rom.
906 3820 1213 3901 scriptor.

422 3915 667 3997 Joseph.
699 3916 849 3976 Ant.
874 3916 1019 3977 Jud.
1048 3932 1196 3977 XIV.
1224 3924 1284 3979 4.
1311 3923 1371 3979 3.
1400 3938 1462 3997 p.
1488 3924 1632 3977 689.

1203 4114 1307 4163 An
1358 4114 1506 4161 [ΑΒ.
1556 4112 1673 4159 CV.

432 4230 789 4295 Britanniae
834 4231 996 4295 licet
1038 4230 1555 4313 magnitudinem
1585 4230 1746 4295 olim
1792 4248 2014 4309 nemo,
2057 4234 2134 4294 nt
2179 4228 2374 4293 refert
2419 4230 2532 4295 Li·

473 4328 647 4395 Delph.
668 4336 713 4382 et
740 4331 857 4384 γαν.
882 4332 1011 4383 σιω.
1352 4330 1539 4381 Livius.
2253 4332 2316 4381 17
2353 4330 2402 4379 G
