3159 4959
553 450 727 515 5806
1520 470 1588 517 τ.
1639 468 1822 515 mvn

558 624 672 671 Dio.
958 616 1056 672 ⁸76.
1102 610 1551 688 Quinquaginta
1596 612 1736 669 viris
1775 630 2110 690 persuasum
2145 608 2257 679 est,
2299 617 2367 668 ut
2403 619 2588 667 semet
2625 610 2783 685 ipsos

818 772 823 777 ,
878 714 1265 764 excusarent:
1328 706 1505 785 idque
1558 704 1896 786 exemplum
1951 706 2176 763 animos
2217 705 2444 763 Caesari
2489 704 2782 765 defensio·

878 820 1129 878 nemque
1157 800 1343 869 dedit,
1371 801 1521 860 alios
1546 802 1726 861 etiam
1767 810 1998 861 centum
2049 800 2438 879 quadraginta
2477 821 2672 881 parem
2701 801 2780 860 ad

878 897 1224 957 modestiam
1268 896 1564 975 adigendi.
1651 896 1916 955 Neutros
1947 898 2136 955 notari
2181 898 2370 955 visum
2413 906 2538 957 est:
2583 908 2782 978 poste-

552 1006 747 1055 Sueten.
877 993 1091 1051 riorum
1126 1002 1324 1053 tamen
1364 994 1602 1051 nomina
1644 993 1882 1073 publice
1909 994 2251 1073 proposita:
2296 994 2608 1072 prioribus,
2639 998 2786 1074 quia

467 1074 475 1079 ⁵
877 1108 991 1146 non
1017 1098 1507 1167 repugnaverant,
1534 1089 1632 1149 hic
1657 1108 1895 1167 quoque
1925 1088 2113 1168 pudor
2132 1091 2425 1157 remissus,
2453 1090 2782 1149 indultum·

878 1204 1016 1263 que,
1046 1194 1133 1255 ut,
1156 1185 1279 1245 lato
1304 1184 1477 1244 clavo
1503 1192 1751 1255 retento,
1789 1183 2096 1265 spectandi
2147 1185 2205 1241 in
2233 1185 2556 1252 orchestra,
2585 1186 2783 1265 publi-

876 1299 1061 1358 ceque
1090 1282 1241 1341 inter
1264 1290 1563 1341 senatores
1589 1279 1872 1360 epulandi
1891 1283 1994 1359 jus
2019 1280 2321 1339 haberent.
2408 1280 2502 1341 At
2527 1282 2610 1347 Q.
2639 1282 2783 1342 Sta-

554 1370 667 1417 Dio.
876 1374 1092 1445 tilium,
1121 1377 1415 1435 tribunum
1442 1376 1633 1456 plebis
1657 1376 2044 1453 designatum,
2069 1396 2106 1434 a
2133 1374 2388 1453 gerendo
2415 1378 2783 1455 magistratu,

874 1468 1017 1531 licet
1038 1472 1466 1542 invitissimum,
1495 1473 1703 1532 Caesar
1727 1474 1930 1532 arcuit.
1974 1480 1986 1487 '

550 1568 783 1692 Aspgefgtg·
800 1638 851 1677 et
958 1572 1055 1631 77.
1088 1569 1163 1627 In
1190 1580 1395 1629 senatu
1426 1569 1641 1629 deinde
1666 1569 2044 1639 recensendo,
2071 1571 2464 1648 probatissimi
2493 1572 2780 1649 cujusque

550 1700 633 1743 54.
657 1702 705 1740 e,
730 1693 848 1757 Dio,
876 1662 1119 1722 arbitrio
1144 1685 1266 1723 rem
1290 1666 1602 1733 commisit,
1635 1674 1703 1723 ut
1727 1666 1816 1723 vir
1841 1666 2030 1724 virum
2055 1664 2313 1742 legeret:
2357 1686 2464 1725 nec
2489 1666 2778 1725 offensum

874 1776 935 1814 se
962 1758 1237 1830 ostendit,
1279 1780 1413 1818 cum
1454 1760 1754 1818 Antistius
1791 1759 2013 1829 Labeo,
2057 1758 2150 1818 M.
2193 1760 2504 1841 Lepidum,
2546 1762 2776 1820 hostem

873 1852 1015 1911 olim
1054 1852 1330 1925 Caesaris,
1372 1864 1513 1915 tunc
1542 1854 1782 1915 exulem
1815 1856 2140 1923 nominans,
2189 1856 2692 1935 interrogatusque
2737 1877 2776 1915 a

876 1946 1134 2018 Coesare,
1158 1960 1175 1985 ‘
1196 1971 1270 2010 an
1296 1958 1490 2010 essent
1504 1950 1610 2009 alii
1629 1950 1966 2028 digniores?
1989 1950 2024 2001 ’—
2047 1960 2064 1986 ‘
2087 1950 2274 2009 Suum
2291 1972 2584 2030 quemque
2603 1952 2774 2031 judi-

552 2070 666 2123 Dio,
694 2071 729 2116 1.
752 2084 846 2119 m,
872 2046 1027 2103 cium
1054 2046 1271 2107 babere
1294 2050 1309 2077 '
1350 2047 1765 2125 respondisset.
1852 2046 2022 2107 Duos
2049 2048 2108 2105 in
2146 2046 2541 2107 consularium
2569 2068 2772 2107 nume-

872 2162 995 2199 rum
1046 2144 1267 2211 retulit,
1306 2144 1381 2203 G.
1430 2144 1736 2212 Cluvium,
1783 2143 1860 2202 G.
1917 2142 2220 2211 Furnium,
2275 2144 2418 2221 quia
2461 2143 2772 2223 designati,

870 2236 1029 2315 quod
1072 2239 1152 2297 ab
1193 2237 1326 2297 aliis
1358 2240 1888 2321 praeveniebantur,
1927 2237 2294 2297 consulatum
2331 2258 2532 2315 gerere
2565 2244 2771 2319 nequi-

580 2345 724 2408 Lapis
744 2346 842 2394 An·
872 2342 1095 2392 verant.
1180 2335 1483 2394 Patricios
1522 2336 1702 2394 etiam
1728 2336 1898 2412 jussu
1935 2334 2138 2414 populi
2165 2344 2228 2393 et
2251 2346 2508 2405 senatus,
2535 2357 2614 2396 ex
2642 2336 2771 2414 lege

546 2425 691 2521 “Rc-
713 2474 845 2523 Anu.
873 2427 942 2487 L.
974 2428 1179 2499 Saenii,
1207 2433 1309 2509 qui
1340 2440 1505 2511 parte
1530 2431 1844 2511 superioris
1883 2431 2018 2489 anni
2046 2431 2250 2489 consul
2277 2428 2491 2501 fuerat,
2520 2431 2727 2511 allegit
2751 2452 2766 2491 z

546 2540 847 2587 xt.25.etibi
872 2525 1031 2603 quod
1078 2526 1351 2585 civilibus
1395 2526 1591 2596 bellis,
1635 2546 1768 2605 quoe
1807 2525 2178 2584 nobilitatem
2231 2528 2490 2587 maxime
2537 2537 2768 2607 petunt,

544 2602 680 2713 ¹522*
871 2620 1071 2679 multae
1120 2622 1411 2701 primariae
1454 2622 1698 2681 familiae
1741 2620 2121 2680 defecerant:
2169 2640 2280 2681 nec
2324 2630 2520 2681 tamen
2567 2642 2768 2682 carere

649 2701 661 2714 ⁸
866 2716 1128 2792 patriciis
1153 2717 1485 2796 respublica
1508 2726 1760 2797 poterat,
1791 2718 1952 2795 quod
1977 2738 2138 2777 more
2167 2720 2458 2797 maj0rum
2485 2718 2653 2779 multi
2689 2722 2768 2779 ri-

864 2820 978 2879 tus,
1008 2812 1115 2869 nisi
1148 2833 1251 2891 per
1276 2814 1403 2882 hos,
1420 2814 1569 2872 obiri
1598 2821 1755 2871 recte
1775 2814 2120 2891 nequibant.

946 2911 1041 2966 78.
1088 2906 1191 2967 Sic
1236 2909 1521 2967 recensito
1552 2908 1990 2987 constitutoque
2037 2918 2266 2979 senatu,
2315 2930 2558 2989 peregre
2605 2912 2768 2971 abire

864 3022 1199 3083 quenquam
1228 3006 1449 3084 injussu
1478 3025 1586 3065 suo
1625 3005 1836 3075 vetuit,
1865 3005 2040 3084 idque
2067 3006 2166 3064 diu
2199 3016 2406 3085 postea
2431 3018 2722 3068 servatum
2749 3030 2766 3068 :

566 3126 637 3173 Τ,
638 3142 806 3176 ,,,,,,
862 3100 971 3157 nisi
996 3100 1151 3177 quod
1180 3102 1238 3159 iu
1268 3100 1534 3161 Siciliam
1563 3102 1746 3182 prius,
1773 3100 2000 3160 deiude
2015 3100 2284 3161 Galliam
2312 3101 2762 3164 Narbonensem

537 3190 772 3264 ²?·0¹ibi
862 3196 937 3255 ad
975 3218 1068 3256 res
1114 3218 1249 3257 suas
1290 3198 1625 3258 invisendas
1660 3197 1846 3257 libera
1883 3216 2164 3256 concessa
2207 3206 2296 3257 est
2325 3198 2633 3278 profectio,
2673 3202 2767 3261 his

538 3254 673 3317 ¹⁴¹⁹*
859 3292 1065 3352 saltem
1118 3296 1220 3373 qui
1280 3294 1509 3353 oriundi
1565 3293 1829 3354 indidem
1889 3292 2112 3372 praedia
2163 3292 2219 3351 in
2278 3291 2398 3352 inis
2453 3296 2765 3374 provinciis

572 3416 623 3463 L,
660 3419 735 3465 15.
858 3390 1141 3449 haberent
1176 3411 1191 3449 :
1245 3390 1433 3451 donec
1492 3391 1761 3450 omnibus
1821 3388 1880 3448 id
1927 3391 2256 3468 promiscue
2319 3390 2638 3451 Theodosii
2701 3404 2764 3453 et

534 3479 658 3555 09⁴¹·
704 3482 767 3526 ¹¹0
860 3484 1271 3544 Valentiniani
1309 3486 1435 3565 lege
1474 3488 1814 3568 permissum
1858 3493 1966 3543 est.
2051 3484 2217 3543 Inter
2261 3486 2387 3545 haec
2438 3488 2762 3549 revolventi

532 3542 683 3657 32⁸?
712 3560 809 3595 ¹¹¹⁶
857 3580 1039 3659 patris
1078 3584 1524 3641 commentarios
1562 3582 1829 3643 oblatum
1871 3589 1961 3639 est
1993 3580 2302 3641 consilium
2340 3582 2760 3663 Carthaginem

564 3671 663 3749 Di?
692 3680 745 3719 et
854 3674 1213 3736 deducendae
1257 3678 1525 3738 coloniae.
1611 3677 1687 3737 Id
1729 3686 1854 3737 tum
1888 3696 2124 3756 quoque
2166 3685 2332 3738 ratus
2362 3690 2756 3759 opportunum

528 3734 764 3851 ssffffussn
854 3770 999 3843 fore,
1042 3782 1353 3852 propterea
1404 3774 1563 3853 quod
1613 3774 1887 3834 violentis
1937 3772 2148 3851 Lepidi
2205 3773 2490 3845 ludibriis,
2545 3796 2759 3855 magna

850 3878 1013 3946 parte
1044 3870 1299 3949 priorum
1340 3869 1676 3930 colonorum
1722 3868 2004 3939 abducta,
2047 3868 2343 3928 sublatum
2363 3873 2466 3949 jus
2507 3871 2755 3932 coloniae

850 3964 1178 4025 videbatur.
1292 3965 1485 4045 Igitur
1530 3965 1772 4027 Statilio
1821 3964 2020 4024 Tauro
2073 3965 2282 4023 iterum
2335 3965 2568 4027 Africae
2619 3990 2754 4049 pro·

847 4061 1078 4120 consuli
1128 4064 1383 4143 scripsit,
1442 4072 1507 4123 ut
1558 4065 1770 4123 moenia
1821 4062 2192 4131 instauraret,
2235 4060 2754 4145 frequentaretqua

846 4156 1295 4219 habitatoribus.
1368 4160 1559 4239 Igitur
1582 4160 1661 4219 ad
1690 4160 1802 4219 tria
1827 4158 2006 4217 ferme
2035 4157 2224 4216 millia
2241 4158 2584 4219 colonorum
2615 4160 2748 4220 Ro-

846 4271 1170 4324 manorum,
1214 4276 1347 4333 quae
1374 4258 1550 4316 missa
1575 4276 1651 4315 ex
1692 4255 1902 4315 Sicilia
1925 4254 2183 4323 fuerant,
2211 4253 2390 4313 aliam
2435 4276 2512 4315 ex
2541 4257 2753 4317 vicinis

846 4347 1079 4427 oppidis
1103 4360 1371 4411 coactam
1398 4352 1830 4411 multitudinem
1857 4349 2102 4428 adjecit.
