3159 4959
571 1157 702 1207 Plut-

574 1351 786 1416 Appian-

574 1546 703 1597 vell.
719 1564 779 1599 11.
791 1552 873 1599 69.

578 1642 792 1711 Appian-

588 2886 724 2937 Plut.

597 3442 717 3492 Dio.
747 3440 878 3489 Plut-

1487 420 1558 469 'l'-
1605 418 1798 468 mvn

888 563 1162 641 proemio:
1204 562 1386 621 serv‘n
1427 560 1783 631 libertatem,
1824 560 2027 619 liberis
2066 558 2328 620 decimas
2370 560 2771 621 constituerat.

892 658 1074 717 Multi
1122 668 1320 718 tamen
1373 657 1739 719 occultandis
1788 658 1959 717 rebus
2007 658 2129 716 suis
2168 657 2563 737 perstiterunt,
2604 657 2775 737 plura

887 754 1096 813 minari
1132 753 1424 829 Cassium,
1453 774 1633 833 quam
1666 754 1927 813 fecturus
1950 761 2125 825 esset,
2150 754 2569 813 existimantes.
2653 751 2771 811 Ce-

887 857 1076 908 terum
1119 851 1223 910 ubi
1264 871 1343 910 ex
1385 849 1580 911 edicto
1620 869 1819 929 peenas
1854 849 2299 928 mercedemque
2338 848 2573 908 decerni
2608 846 2775 908 vide·-

889 954 1045 1014 runt,
1071 946 1366 1024 prorogari
1397 945 1555 1005 diem
1597 943 1977 1025 postulantes,
2001 964 2079 1004 ex
2116 947 2311 1024 puteis
2336 954 2399 1004 et
2432 944 2644 1014 foveis,
2670 944 2775 1002 ubi

890 1059 1084 1099 rernm
1117 1042 1531 1120 pretiosissima
1561 1040 1962 1112 condiderant,
1985 1050 2214 1101 tantam
2246 1061 2425 1120 opum
2463 1042 2583 1100 vim
2618 1049 2776 1100 attu«

892 1136 1104 1208 lerunt,
1131 1146 1197 1198 ut
1228 1147 1366 1198 octo
1395 1138 1589 1197 millia
1625 1137 2013 1197 talentorum·
2046 1136 2185 1195 inde
2218 1138 2489 1198 confecta
2522 1135 2777 1196 referan-

893 1244 1008 1293 tur.
1091 1234 1312 1313 Neque
1346 1236 1440 1294 his
1467 1242 1795 1304 contentus,
1822 1234 2143 1313 quingenta
2166 1234 2397 1313 insuper
2420 1233 2643 1292 talenta
2669 1233 2779 1291 im-

894 1330 1124 1409 peravit
1159 1330 1414 1399 civitati,
1449 1329 1837 1409 praesidioque
1862 1326 2169 1409 imposito,
2198 1326 2267 1388 L.
2294 1328 2523 1389 Varum
2565 1330 2653 1389 ibi
2688 1348 2779 1388 re-

895 1424 1090 1503 liquit.

974 1526 1076 1580 22.
1117 1520 1244 1581 His
1293 1522 1465 1581 rebus
1513 1521 1711 1582 alacer
1762 1519 2023 1592 Cassius,
2064 1540 2269 1581 ausum
2308 1522 2465 1580 enim
2516 1522 2785 1580 immanis

895 1620 1088 1699 operis
1129 1618 1436 1678 celerrime
1477 1618 1833 1688 confecerat,
1877 1618 2043 1676 Asiae
2088 1637 2325 1697 quoque
2368 1618 2649 1677 tributum
2694 1618 2783 1675 in-

895 1732 1038 1792 gens
1075 1714 1407 1793 imperavit,
1444 1712 1760 1794 decuplum
1796 1714 1947 1791 ejus,
1986 1712 2147 1792 quod
2182 1712 2433 1791 pendere
2475 1714 2789 1792 quotannis

895 1810 1326 1869 consuevisset:
1379 1808 1558 1887 idque
1602 1807 1801 1867 statim
1847 1809 2065 1885 exegit.
2169 1806 2330 1867 Dum
2372 1809 2434 1867 in
2480 1808 2569 1867 his
2608 1826 2787 1867 oceu-

897 1913 1071 1984 patus
1109 1913 1218 1977 est,
1263 1902 1462 1965 valida
1499 1904 1703 1964 classis
1744 1905 1823 1963 ab
1862 1902 2127 1981 AEgypto
2164 1904 2445 1981 navigare
2482 1902 2559 1962 ad
2596 1904 2789 1963 hostes

897 2000 1218 2069 nuntietur,
1244 2000 1512 2059 mittente
1553 1997 1917 2078 cleopan-03
1962 2018 2141 2077 quam
2176 2008 2237 2057 et
2270 2000 2533 2059 amicitia
2556 1998 2786 2058 illarum

898 2096 1178 2173 partium,
1203 2104 1265 2154 et
1303 2116 1508 2155 recens
1541 2116 1578 2155 a
1618 2095 1827 2155 Cassio
1860 2103 2070 2164 metus,
2098 2102 2165 2153 ut
2194 2095 2390 2175 potius
2412 2096 2466 2153 ei
2493 2096 2787 2173 negotium

901 2188 1044 2249 alibi
1069 2189 1401 2261 facesseret,
1429 2191 1661 2251 acribus
1684 2190 1935 2249 stimulis
1958 2188 2291 2271 impulerat.
2374 2190 2591 2269 Itaque
2618 2190 2787 2250 Mur-

899 2305 1036 2345 cum
1077 2305 1213 2346 cum
1247 2286 1554 2365 sexaginta
1588 2286 1855 2359 navibus,
1882 2296 1945 2347 et
1978 2285 2291 2345 fortissima
2327 2287 2579 2365 leg-ione,
2612 2296 2791 2366 atque

903 2380 1104 2460 aliquo
1129 2400 1368 2441 numero
1393 2383 1851 2459 sagittariorum,
1878 2400 2179 2441 occurrere
2200 2382 2280 2441 ad
2302 2382 2639 2443 Taenarium
2664 2382 2791 2442 Pe—

904 2477 1210 2555 loponnesi
1251 2477 1705 2555 promontorium
1740 2477 1938 2553 jussit,
1972 2486 2041 2535 ut
2078 2476 2235 2537 illius
2274 2480 2451 2537 maris
2488 2480 2791 2538 transitum

905 2579 1238 2650 opportuna
1279 2571 1529 2629 statione
1571 2569 1922 2630 custodiret:
1964 2572 2021 2631 ei
2056 2590 2291 2651 qnoque
2322 2572 2643 2653 peninsulae
2672 2592 2791 2631 non

907 2667 1050 2725 satis
1088 2684 1311 2743 oequus,
1335 2684 1514 2744 quam
1549 2666 1995 2735 incursionibus,
2023 2674 2085 2725 et
2110 2666 2391 2737 abducta,
2416 2676 2637 2747 quanta
2662 2678 2797 2749 pot-

908 2767 1060 2829 erat,
1085 2759 1286 2839 praeda
1308 2769 1653 2820 vexaverat.

989 2862 1090 2915 23.
1136 2854 1336 2915 Multo
1377 2856 1597 2935 ubique
1642 2855 1827 2915 lenior
1867 2856 2111 2927 Brutus,
2146 2858 2257 2917 snb
2290 2858 2501 2917 eadem
2530 2854 2799 2939 tempora

914 2950 1128 3030 Lycios
1165 2949 1432 3009 conferre
1471 2952 1779 3030 pecuniam
1816 2959 1877 3010 et
1908 2951 2051 3011 dare
2084 2952 2299 3012 milites
2320 2954 2596 3030 jusserat.
2676 2952 2798 3015 Sed

911 3046 1025 3117 illi,
1071 3044 1382 3107 Naucrate
1425 3046 1683 3126 quodam
1726 3046 2063 3127 impellente
2108 3047 2411 3128 populum,
2458 3051 2801 3127 objecerunt

914 3160 1096 3213 arma,
1123 3143 1492 3223 tumulusque
1533 3142 1843 3203 nonnullos
1878 3142 2113 3203 arcendi
2146 3147 2427 3205 transitus
2446 3166 2626 3206 causa
2652 3148 2801 3205 inse-

913 3236 1145 3299 derunt.
1230 3238 1306 3297 In
1332 3240 1444 3299 hos
1465 3238 1607 3298 dum
1633 3239 1831 3298 cibum
1854 3241 2099 3319 capiunt
2122 3240 2340 3319 impetu
2364 3241 2548 3314 facto,
2580 3243 2803 3303 Brutus

917 3352 1021 3411 per
1061 3334 1288 3412 equites
1330 3352 1464 3392 suos
1509 3333 1806 3393 interfecit
1840 3334 1916 3393 ad
1956 3342 2297 3403 sexcentos:
2340 3338 2627 3417 simulque
2662 3352 2800 3399 eum

916 3427 1270 3505 fugientibus
1315 3429 1524 3510 irrupit
1561 3438 1771 3490 castra.
1870 3428 2025 3488 Tum
2070 3429 2147 3489 ad
2188 3432 2436 3492 castella
2480 3442 2543 3491 et
2586 3434 2807 3514 oppida

917 3524 1264 3585 circumlato
1289 3524 1468 3596 bello,
1496 3526 1791 3605 plerisque
1816 3525 2115 3587 deditione
2150 3530 2389 3608 potitus,
2417 3531 2807 3609 praesidisrios

919 3622 1044 3679 sine
1071 3621 1256 3700 pretio
1277 3619 1504 3681 dimisit
1525 3621 1869 3681 incolumes.

1001 3722 1102 3775 24.
1145 3718 1238 3775 At
1269 3714 1362 3774 illi
1399 3736 1514 3774 non
1555 3726 1679 3775 tam
1708 3715 1937 3776 deliniti
1962 3717 2267 3789 beneficio,
2298 3738 2473 3798 quam
2499 3722 2703 3782 infensi
2727 3726 2809 3783 ob

601 3828 770 3878 strabo
789 3844 901 3878 xxv.
923 3812 1092 3873 illata
1123 3811 1362 3883 damna,
1393 3812 1711 3870 Xanthum
1744 3832 1807 3871 se
1844 3813 2213 3873 contulerunt
2246 3812 2553 3877 hostilibus
2578 3820 2807 3888 animis,

602 3910 651 3959 p.
673 3898 786 3943 666.

603 3958 818 4024 Appian-

923 3908 1084 3989 quod
1123 3907 1404 3987 oppidum
1444 3914 1572 3966 tota
1607 3906 1797 3988 Lycia
1828 3909 2173 3981 maximum,
2199 3928 2427 3972 summa
2457 3932 2573 3993 ope
2604 3913 2683 3973 ad
2718 3928 2811 3974 re-

990 4142 1014 4169 2
1050 4136 1170 4185 Octo
1189 4136 1340 4186 nullia
1360 4135 1666 4199 talentorum]
1696 4136 1835 4185 Mur·
1904 4136 2173 4199 Quinem
2196 4139 2392 4190 talento.
2415 4140 2620 4193 Marcus
2637 4146 2817 4194 46875.

929 4213 1004 4253 coe
1057 4201 1258 4261 argenti
1311 4207 1568 4251 nostrates
1621 4204 1833 4252 760000.
1904 4202 2042 4252 Creo.
