3159 4959
570 412 745 479 5828
1057 462 1069 471 .
1530 428 1602 476 τ.
1651 428 1844 477 mvn

604 580 747 629 Ovid.
772 594 831 629 n.
892 588 1039 648 opus
1064 577 1241 638 esset,
1265 570 1495 627 auctori
1517 589 1626 628 suo
1649 568 1980 628 obtrectare
2005 586 2122 628 non
2141 568 2486 627 verebatur:
2529 576 2612 637 et,
2641 568 2790 627 inter

570 644 851 755 '¹3:23⁴ss
892 664 1014 722 alia
1036 663 1357 735 maleficia,
1385 664 1647 735 Thebas,
1677 664 1922 743 AEgypti
1949 663 2372 722 nobilissimam
2405 663 2630 733 urbem,
2655 665 2790 741 plu-

572 772 752 819 Cbron.
772 742 786 756 ⁰
892 759 1053 817 ribus
1078 760 1437 818 ornamentis
1472 761 1800 838 opibusque
1841 758 2154 838 spoliatam
2193 758 2566 819 exhauserat.
2649 758 2790 817 Nec

570 834 867 945 ssgeeum.
892 854 1123 914 interim
1172 855 1361 915 defuit
1408 866 1638 915 statuas
1685 856 1822 923 sibi,
1871 874 1978 934 per
2025 873 2260 913 omnem
2309 874 2488 933 prope
2537 855 2788 913 dixerim

678 933 693 948 ’
894 949 1241 1030 AEgyptum,
1266 970 1507 1030 ponere,
1546 960 1610 1009 et
1649 959 1786 1010 acta
1823 970 1932 1009 sua
1973 950 2300 1029 insculpere
2337 951 2398 1007 in
2431 949 2788 1028 pyramides.

603 1050 792 1115 smbo,
892 1044 961 1103 N
964 1065 1061 1104 am
1091 1044 1365 1105 Heroum
1392 1047 1599 1105 urbem
1621 1045 1992 1105 deficientem
2033 1065 2220 1125 parva
2245 1065 2418 1105 manu
2445 1056 2784 1126 receperat:

569 1129 704 1227 ἒῖὁῐ·
732 1132 778 1179 Ρ·
888 1140 1313 1221 domueratque
1376 1142 1636 1211 Thebas,
1702 1152 1937 1221 propter
1995 1142 2278 1200 tributum
2341 1141 2786 1200 tumultuantes.

894 1233 1077 1307 Haec,
1104 1258 1239 1297 cum
1281 1248 1529 1317 accepto
1568 1258 1900 1299 successore
1930 1238 2220 1296 Petronio
2247 1238 2306 1295 in
2341 1237 2567 1296 Urbem
2601 1236 2784 1295 redis-

640 1346 801 1387 ueton.
890 1338 1000 1403 set,
1020 1332 1303 1393 Valerius
1322 1334 1547 1411 Largus
1568 1354 1647 1392 ex
1673 1333 2062 1393 familiaribus
2083 1334 2214 1410 ejus
2235 1334 2490 1410 objecit:
2533 1332 2782 1391 factum-

788 1434 803 1451 ·
892 1446 1008 1504 que
1052 1438 1161 1500 est,
1208 1438 1275 1487 ut
1314 1430 1626 1507 Augustus
1668 1429 1853 1489 Gallo
1900 1430 2164 1489 amicitia
2203 1440 2266 1487 et
2311 1426 2624 1508 provinciis
2667 1431 2788 1489 suis

891 1520 1284 1583 interdiceret.
1370 1523 1473 1583 Sic
1512 1525 1726 1584 cadere
1763 1526 2134 1603 incipientem
2163 1524 2322 1595 aliae,
2351 1532 2418 1582 ut
2443 1523 2535 1593 fit,
2561 1524 2784 1583 adortae

893 1621 1297 1680 accusationes
1334 1641 1567 1699 prorsus
1606 1621 1966 1690 afflixerunt,
1993 1618 2430 1698 multorumque
2455 1621 2782 1690 criminum,

602 1728 732 1775 serv.
758 1728 820 1775 ad
894 1714 1041 1772 inter
1064 1732 1201 1793 quae
1240 1724 1305 1773 et
1340 1717 1648 1793 conjurare
1675 1726 1886 1775 contra
1909 1716 2206 1775 Ca‘sarem
2230 1716 2506 1787 voluisse,
2543 1718 2780 1775 insimu-

778 1792 811 1839 l·
854 1824 867 1837 ·
892 1807 1069 1878 latus,
1094 1810 1395 1869 sententiis
1432 1820 1690 1889 patrum,
1717 1812 1932 1889 quibus
1967 1830 2206 1871 causam
2235 1810 2628 1889 judicandam
2653 1808 2780 1869 'im-

892 1912 1127 1983 perator
1150 1904 1417 1976 dederat,
1444 1905 1688 1966 exulare
1719 1908 1920 1985 jussus
1957 1916 2080 1967 est:
2124 1907 2282 1965 bona
2311 1909 2442 1984 ejus
2473 1907 2536 1965 in
2573 1902 2780 1965 fiscum

892 1999 1145 2059 Caesaris
1188 2000 1389 2060 referri
1432 2000 1681 2080 placuit,
1723 2010 1788 2061 et
1825 2003 1904 2060 ob
1935 2002 2092 2061 hanc
2129 2001 2452 2061 vindictam
2499 2002 2778 2061 honorem

890 2096 1093 2155 baberi
1114 2096 1249 2156 Diis
1274 2096 1734 2165 immortalibus;
1765 2099 1950 2177 iisque
1975 2098 2298 2174 majoribus
2321 2098 2524 2159 hostiis
2547 2108 2780 2158 senatus

570 2228 609 2253 .·
890 2192 1121 2251 nomine
1156 2191 1302 2252 fieri.
1386 2194 1483 2253 At
1512 2193 1755 2265 Gallus,
1799 2195 2176 2273 ignominiam
2221 2214 2336 2253 non
2373 2186 2585 2263 ferens,
2621 2194 2775 2253 ferro

589 2278 863 2327 sacam-r·
888 2285 1173 2347 incubuit.
1254 2288 1384 2347 Hic
1408 2308 1583 2348 casus
1609 2290 1860 2367 primum
1899 2309 1975 2348 ex
2019 2288 2314 2349 Romanis
2337 2288 2588 2368 AEgypti
2625 2308 2774 2367 pm-

600 2375 731 2455 Seiv.
747 2406 865 2471 Dio,
887 2379 1299 2453 fectum,iuter
1326 2404 1547 2464 paucos
1567 2384 1792 2445 Caesari
1813 2404 2036 2457 carum,
2058 2392 2292 2465 poetam
2317 2384 2594 2455 nobilem,
2613 2384 2777 2445 bello

565 2468 656 2563 &f-
884 2485 1234 2556 spectatum,
1276 2480 1722 2559 quadragesimo
1769 2484 1962 2541 aetatis
2007 2500 2162 2540 anno
2205 2479 2466 2550 sustulit,
2507 2500 2642 2540 cum
2685 2488 2779 2539 tot

567 2563 775 2645 εἵπου]
884 2577 1123 2653 egregia
1144 2585 1363 2635 naturae
1390 2598 1462 2637 ac
1488 2576 1738 2637 fortunat
1767 2598 2010 2638 munera
2043 2575 2248 2636 utendi
2277 2577 2506 2637 nescius
2527 2576 2772 2637 inexcu-

885 2670 1059 2729 sabili
1085 2672 1363 2732 vecordia
1386 2676 1760 2753 corrupisset.

563 2782 677 2831 Dio.
964 2772 1025 2823 6.
1068 2764 1275 2844 Atque
1316 2768 1429 2826 hoc
1472 2769 1648 2826 sicuti
1691 2768 1771 2827 ad
1817 2769 2165 2828 modestiam
2208 2768 2640 2840 documentum,
2685 2770 2772 2829 sic

884 2857 1031 2918 illud
1060 2860 1135 2919 ad
1164 2862 1495 2921 cautionem
1521 2863 1851 2922 hominibus
1875 2863 2010 2935 fuit,
2037 2863 2198 2944 quod
2223 2864 2538 2925 multorum
2561 2865 2770 2925 suffra-

884 2954 995 3031 giis
1036 2954 1285 3017 adactus
1316 2957 1395 3016 ad
1434 2967 1702 3018 extrema
1739 2958 1956 3030 fuerat,
1993 2960 2096 3038 qui
2138 2960 2519 3039 prosperitate
2557 2980 2772 3039 magna

884 3068 1049 3109 usum
1094 3050 1419 3111 adulationi
1463 3056 1833 3135 propioribus
1875 3054 2084 3115 officiis
2135 3056 2396 3134 impense
2443 3056 2770 3117 coluerant.

884 3145 979 3205 At
1016 3146 1105 3205 illi
1150 3146 1399 3226 Largum
1426 3150 1698 3211 videntes
1729 3170 2007 3221 crescere,
2045 3149 2124 3208 ad
2162 3151 2320 3210 hunc
2355 3170 2422 3210 se
2461 3152 2770 3212 ama-le:

882 3250 1038 3311 runt,
1064 3244 1314 3305 eundem
1340 3245 1531 3319 illum,
1558 3248 1608 3306 si
1633 3247 1872 3326 quando
1897 3247 2078 3306 ferret
2097 3248 2351 3317 occasio,
2379 3247 2560 3308 baud·
2577 3249 2770 3327 seg-ni-

594 3342 726 3394 Plin.
882 3356 951 3397 us
982 3339 1443 3401 condemnaturi.
1529 3342 1624 3401 At
1661 3344 1819 3423 apud
1861 3343 2008 3403 alios
2047 3350 2284 3423 propter
2320 3345 2578 3405 amicum
2601 3364 2768 3403 ever-

844 3442 856 3459 ·
880 3452 1008 3493 sum
1025 3443 1193 3494 tanta
1213 3440 1336 3497 esse
1358 3438 1413 3495 in
1440 3439 1664 3498 invidia
1681 3439 1907 3517 Largus
1923 3448 2286 3519 coeperat,ut
2304 3439 2768 3511 C.Pmculeius,

882 3526 1137 3589 Caesaris
1176 3533 1439 3593 amicitia
1480 3543 1657 3593 notus
1693 3556 1895 3615 eques,
1923 3556 2058 3595 cum
2095 3536 2248 3595 sorte
2287 3536 2480 3597 factus
2519 3538 2577 3595 ei
2617 3545 2770 3597 esset

880 3622 1139 3694 obviam,
1200 3646 1372 3687 manu
1434 3650 1499 3688 os
1556 3640 1734 3708 atque
1791 3650 1998 3690 nasum
2054 3632 2456 3711 compi-esaiae
2497 3630 2726 3691 dicatur
2747 3651 2766 3690 ι

879 3719 1051 3797 quasi
1074 3719 1363 3792 indicans,
1404 3723 1511 3783 tali
1552 3734 1836 3804 praesente
1878 3726 2164 3797 delatore,
2199 3746 2274 3787 ne
2313 3728 2596 3806 respirare
2631 3728 2762 3805 qui-

877 3813 1013 3874 dem
1040 3822 1165 3875 tuto
1190 3836 1522 3897 quenquam
1550 3840 1736 3899 posse.
1820 3820 2004 3880 Alius
2041 3823 2290 3881 testibus
2313 3822 2592 3881 adhibitis
2615 3822 2762 3881 Lar-

878 3928 1015 3987 gum
1056 3910 1452 3991 interrogavit,
1494 3923 1513 3950 ‘
1538 3934 1612 3974 an
1655 3937 1719 3976 se
1759 3928 2135 3995 cognosceret
2153 3918 2197 3977 ‘2’
2239 3926 2322 3989 et,
2349 3928 2598 3997 negante
2634 3918 2761 3989 illo,

696 4062 703 4069 ,
878 4024 997 4063 rem
1024 4008 1388 4085 consignavit
1424 4010 1485 4069 in
1523 4013 1765 4084 tabulis,
1793 4016 1962 4094 quasi
1998 4014 2174 4073 homo
2215 4015 2514 4094 improbus
2535 4014 2760 4075 calum-

555 4096 751 4145 Sueten.
876 4100 1025 4157 niari
1050 4100 1147 4159 vel
1186 4104 1441 4180 ignotum
1484 4108 1771 4185 nequiret.
1855 4109 2014 4167 Casu
2043 4109 2310 4168 Cornelii
2343 4111 2604 4186 cognito,
2632 4110 2759 4169 lau·-

876 4192 1075 4255 datam
1102 4199 1341 4278 quidem
1368 4201 1443 4262 ab
1458 4204 1736 4281 Augusto
1761 4214 1994 4284 patrum
2020 4205 2296 4286 pietatem
2321 4204 2538 4280 ferunt,
2565 4216 2755 4267 tanto-
