3159 4959
1134 476 1527 569 munonuu
1578 476 1799 525 mvn.
2385 462 2560 531 5957

375 638 556 691 mum
586 616 1097 697 commisissent,
1124 620 1213 685 ab
1253 617 1772 685 Atheniensibus
1798 616 1966 685 coesi
1995 624 2174 684 suut.
2261 616 2564 707 Acarna·

374 746 521 804 nes,
579 723 903 809 mortibus
962 738 1233 785 suorum
1288 720 1628 797 commoti,
1655 782 1660 789 ,
1689 717 1774 783 ad
1827 718 2348 791 vindicandos,¹⁸
2407 721 2561 789 illos

376 826 703 894 auxilium
734 842 779 887 a
806 821 1133 905 Philippo
1160 821 1515 903 petierunt.
1605 820 1858 887 Paucis
1888 820 2233 885 mensibus
2265 826 2420 903 post
2443 841 2560 903 pa·

372 946 519 991 cem
552 922 1213 1004 Carthaginiensibus
1244 919 1495 996 datam,
1527 920 2060 1004 quingentesimo
2091 922 2565 1004 quinquagesi-

374 1046 485 1091 mo
508 1035 553 1073 ¹³
581 1035 610 1062 ⁸
648 1044 828 1089 anno
858 1024 946 1087 ab
980 1021 1163 1086 Urbe
1192 1022 1483 1098 condita,
1511 1040 1672 1087 cum
1691 1020 2226 1099 Atheniensium,
2247 1024 2366 1105 qni
2383 1024 2565 1091 obsi,-

372 1128 705 1193 debautur
733 1144 775 1189 a
798 1122 1151 1205 Philippo,
1190 1122 1396 1203 legati
1426 1121 1754 1187 auxilium
1783 1142 1828 1187 a
1860 1128 2100 1189 senatu
2129 1124 2474 1207 petissent,
2497 1128 2565 1197 et

370 1232 645 1294 senatus
678 1224 747 1289 id
780 1224 1161 1299 censuisset
1196 1222 1563 1301 ferendum,
1603 1222 1829 1305 plebe,
1865 1222 2052 1307 quod
2094 1231 2200 1289 tot
2236 1224 2563 1290 bellorum

372 1328 737 1391 continuus
766 1324 961 1389 labor
998 1324 1217 1404 gravis
1246 1330 1408 1400 erat,
1439 1323 1905 1401 dissentiente,
1935 1326 2147 1393 tenuit
2189 1326 2562 1395 auctoritas

372 1434 687 1511 patrum:
728 1430 803 1489 ut
860 1424 1068 1489 sociae
1118 1424 1377 1489 civitati
1421 1424 1577 1488 ferri
1631 1442 1829 1508 opem
1875 1426 2169 1509 populus
2218 1444 2492 1509 quoqne
2512 1430 2566 1499 ¹,4

366 1528 660 1611 juberet.
719 1525 985 1590 Bellum
1016 1526 1083 1589 id
1106 1524 1189 1589 P.
1220 1525 1528 1608 Sulpicio
1559 1527 1826 1591 consuli
1853 1525 2240 1593 mandatum
2261 1533 2390 1605 est,
2421 1526 2563 1617 qni,

372 1628 671 1692 exercitu
723 1628 791 1691 in
840 1626 1311 1692 Macedoniam
1356 1627 1589 1705 ducto,
1631 1624 2060 1711 equestribus
2107 1628 2360 1712 praeliis
2405 1646 2565 1697 cum

373 1728 697 1811 Philippo
727 1746 1043 1810 prospere
1075 1728 1414 1812 pugnavit.
1502 1727 1820 1812 Abydeni
1843 1748 1888 1793 a
1909 1728 2238 1813 Philippo
2267 1729 2562 1808 obsessi,

374 1826 461 1893 ad
514 1828 896 1910 exemplum
942 1828 1483 1910 Saguntinorum,
1519 1848 1688 1895 suos
1733 1848 1939 1911 seque
1979 1829 2392 1895 occiderunt.
2479 1828 2562 1893 L.

376 1928 619 1993 Furius
655 1934 911 2013 praetor
938 1927 1177 1992 Gallos
1214 1928 1539 1993 Insubres
1577 1926 1982 1993 rebellantes
2010 1935 2077 1993 et
2101 1928 2564 1994 Hamilcarem

373 2030 682 2105 Poenum,
710 2028 961 2093 bellum
993 2030 1059 2092 in
1080 2048 1163 2093 ea
1190 2036 1381 2112 parte
1412 2029 1820 2107 molientem,
1853 2028 2004 2093 acie
2031 2028 2218 2093 vicit.
2288 2026 2562 2094 Hamil-

374 2148 493 2194 car
531 2147 615 2193 eo
660 2128 843 2192 bello
878 2126 1143 2192 occisus
1186 2134 1314 2206 est,
1346 2134 1415 2192 et
1457 2126 1667 2193 millia
1691 2128 2028 2193 hominum
2060 2128 2331 2211 triginta
2358 2136 2563 2193 εει-’5

373 2230 713 2295 Praeterea
751 2228 1215 2311 expeditiones
1252 2228 1559 2313 Philippi
1603 2229 1780 2313 regis
1826 2237 1895 2295 et
1929 2230 2221 2314 Sulpicii
2265 2232 2562 2296 consulis

373 2332 1041 2415 expugnationesque
1061 2330 1323 2395 urbium
1356 2332 1443 2397 ab
1472 2340 1764 2416 utroque
1791 2332 2018 2396 factas
2037 2332 2360 2397 continet.
2405 2333 2564 2398 Sul·

374 2434 596 2517 picius
626 2432 885 2507 consul,
919 2430 1392 2515 adjuvantibus
1424 2452 1574 2515 rege
1609 2430 1842 2497 Attalo
1867 2437 1936 2498 et
1963 2430 2271 2511 Rhodiis,
2305 2434 2564 2501 bellum

374 2534 665 2618 gerebat.
750 2530 1221 2616 Triumphavit
1248 2533 1332 2598 de
1363 2530 1588 2599 Gallis
1618 2532 1700 2597 L.
1735 2532 1979 2598 Furius
2009 2542 2284 2617 praetor.
2531 2524 2539 2535 ’

437 2723 459 2749 ⁶
498 2714 663 2766 vaenit
678 2720 871 2767 mm
890 2713 1163 2766 amfleat.

373 2910 517 2963 turbu
548 2908 681 2961 dixit
718 2906 897 2957 Livius
932 2920 983 2957 e.
1014 2907 1109 2957 14?
1140 2908 1479 2973 Rapum—12
1510 2909 1596 2961 Aa
1624 2908 1962 2959 vindicanda·
2000 2907 2122 2959 edd.
2157 2914 2280 2957 ante
2319 2910 2564 2973 Sigon.—

374 2978 437 3025 12
472 2972 847 3031 Quadi-agerint»
869 2970 1022 3019 Crev-
1042 2986 1160 3020 cum
1184 2974 1306 3022 edd.
1327 2982 1449 3024 aute
1471 2974 1780 3037 Signum—14
1818 2974 2010 3036 Quoque
2029 2972 2132 3023 del.
2157 2972 2323 3023 Gron-
2345 2976 2559 3039 Doujnt.

374 3039 657 3091 crem—16
696 3033 919 3094 minua
939 3036 1139 3099 qut-que
1161 3036 1296 3087 end.

1364 3176 1577 3229 NOTAE

438 3280 463 3307 ⁸
498 3272 891 3335 Quingenmim
912 3272 1319 3339 quinquagesimo]
1358 3272 1430 3324 A·
1510 3274 1830 3339 Capitolinos
1872 3288 2148 3340 sequamur
2199 3288 2316 3327 cum
2355 3274 2562 3332 eedem,

372 3348 471 3397 lias
506 3362 778 3411 perperam
810 3348 1089 3415 legebntur
1108 3349 1430 3413 quingmoei-
1508 3364 1676 3400 annus
1709 3350 1812 3401 erit
1843 3350 2284 3415 quingentesimus
2307 3352 2565 3415 qninqua-

376 3438 453 3471 ιω
488 3425 861 3487 quadragesimo.
930 3424 1173 3475 Correxit
1194 3424 1433 3487 sigoniu-
1510 3428 1736 3493 gesimus
1757 3426 2033 3479 secundus.

377 3512 445 3549 ex
485 3498 617 3551 Livii
655 3500 869 3552 calculo.
948 3502 1003 3551 Si
1040 3508 1215 3552 tumen
1249 3502 1431 3553 Festos

1154 3762 1339 3829 LIB.
1415 3762 1763 3832 XXXII.

464 3960 833 4046 Complura
880 3960 1187 4047 prodigia
1231 3982 1324 4030 ex
1365 3964 1647 4031 diversis
1687 3967 2070 4050 regionibus
2113 3967 2418 4031 nuntiata
2461 3984 2564 4030 re-

376 4063 717 4147 feruntur3
762 4066 931 4129 inter
975 4084 1153 4148 qnae,
1202 4066 1272 4132 in
1310 4066 1723 4134 Macedonia
1760 4070 1830 4132 in
1866 4070 2088 4153 puppi
2123 4067 2338 4151 longae
2366 4066 2562 4132 navis

376 4166 669 4233 lauream
700 4186 853 4231 esse
884 4164 1192 4232 natam-¹⁶
1277 4168 1363 4233 Τ.
1394 4168 1712 4248 Quintius
1735 4168 2150 4254 Flamininus
2178 4170 2414 4237 consul
2444 4168 2564 4235 ad·

378 4284 607 4333 versus
637 4268 1027 4353 Philippum
1056 4268 1337 4337 feliciter
1356 4272 1684 4355 pugnavit
1709 4272 1780 4337 in
1807 4270 2119 4339 faucibus
2140 4270 2354 4359 Epiri,
2377 4271 2564 4356 fuga-
