<?xml version="1.0" encoding="UTF-8"?>
<!DOCTYPE html PUBLIC "-//W3C//DTD XHTML 1.0 Transitional//EN"
    "http://www.w3.org/TR/xhtml1/DTD/xhtml1-transitional.dtd">
<html xmlns="http://www.w3.org/1999/xhtml" xml:lang="en" lang="en">
 <head>
  <title>
</title>
<meta http-equiv="Content-Type" content="text/html;charset=utf-8" />
  <meta name='ocr-system' content='tesseract 3.04.00' />
  <meta name='ocr-capabilities' content='ocr_page ocr_carea ocr_par ocr_line ocrx_word'/>
</head>
<body>
  <div class='ocr_page' id='page_1' title='image "./tliviipatavinih09livygoog_0077.png"; bbox 0 0 3159 4959; ppageno 0'>
   <div class='ocr_carea' id='block_1_1' title="bbox 861 438 2579 504">
    <p class='ocr_par' dir='ltr' id='par_1_1' title="bbox 861 438 2579 504">
     <span class='ocr_line' id='line_1_1' title="bbox 861 438 2579 504; baseline 0.005 -9"><span class='ocrx_word' id='word_1_1' title='bbox 861 446 1072 495; x_wconf 70' lang='lat' dir='ltr'><strong>mum</strong></span> <span class='ocrx_word' id='word_1_2' title='bbox 1120 446 1394 496; x_wconf 78' lang='lat' dir='ltr'><strong>cxxxv.</strong></span> <span class='ocrx_word' id='word_1_3' title='bbox 1437 445 2081 499; x_wconf 64' lang='lat' dir='ltr'><strong>sunnsunwrun.</strong></span> <span class='ocrx_word' id='word_1_4' title='bbox 2408 438 2579 504; x_wconf 78' lang='lat'>5549</span> 
     </span>
    </p>
   </div>
   <div class='ocr_carea' id='block_1_2' title="bbox 351 588 2580 3465">
    <p class='ocr_par' dir='ltr' id='par_1_2' title="bbox 351 588 2580 3465">
     <span class='ocr_line' id='line_1_2' title="bbox 367 588 2252 672; baseline 0.002 -26"><span class='ocrx_word' id='word_1_5' title='bbox 367 588 728 658; x_wconf 86' lang='lat' dir='ltr'><strong>interierunt,</strong></span> <span class='ocrx_word' id='word_1_6' title='bbox 769 608 906 647; x_wconf 88' lang='lat' dir='ltr'><strong>cum</strong></span> <span class='ocrx_word' id='word_1_7' title='bbox 946 590 1182 649; x_wconf 82' lang='lat' dir='ltr'><strong>cuidam</strong></span> <span class='ocrx_word' id='word_1_8' title='bbox 1221 590 1567 671; x_wconf 78' lang='lat' dir='ltr'><strong>suppliciter</strong></span> <span class='ocrx_word' id='word_1_9' title='bbox 1606 592 1829 672; x_wconf 86' lang='lat' dir='ltr'><strong>petenti</strong></span> <span class='ocrx_word' id='word_1_10' title='bbox 1872 590 2252 672; x_wconf 79' lang='lat' dir='ltr'><strong>sepulturam,</strong></span> 
     </span>
     <span class='ocr_line' id='line_1_3' title="bbox 367 684 2255 767; baseline 0.002 -24"><span class='ocrx_word' id='word_1_11' title='bbox 367 686 529 761; x_wconf 87' lang='lat' dir='ltr'><strong>‘jam</strong></span> <span class='ocrx_word' id='word_1_12' title='bbox 553 684 712 743; x_wconf 88' lang='lat' dir='ltr'><strong>illam</strong></span> <span class='ocrx_word' id='word_1_13' title='bbox 743 686 803 744; x_wconf 89' lang='lat' dir='ltr'><strong>in</strong></span> <span class='ocrx_word' id='word_1_14' title='bbox 843 687 1150 745; x_wconf 88' lang='lat' dir='ltr'><strong>volucrum</strong></span> <span class='ocrx_word' id='word_1_15' title='bbox 1197 697 1375 766; x_wconf 83' lang='lat' dir='ltr'><strong>atque</strong></span> <span class='ocrx_word' id='word_1_16' title='bbox 1408 688 1665 748; x_wconf 85' lang='lat' dir='ltr'><strong>ferarum</strong></span> <span class='ocrx_word' id='word_1_17' title='bbox 1697 688 1823 748; x_wconf 85' lang='lat' dir='ltr'><strong>fore</strong></span> <span class='ocrx_word' id='word_1_18' title='bbox 1858 690 2255 767; x_wconf 82' lang='lat' dir='ltr'><strong>potestatem,’</strong></span> 
     </span>
     <span class='ocr_line' id='line_1_4' title="bbox 362 780 2508 864; baseline 0.002 -26"><span class='ocrx_word' id='word_1_19' title='bbox 362 780 776 859; x_wconf 82' lang='lat' dir='ltr'><strong>responderet:</strong></span> <span class='ocrx_word' id='word_1_20' title='bbox 819 792 881 841; x_wconf 90' lang='lat' dir='ltr'><strong>et</strong></span> <span class='ocrx_word' id='word_1_21' title='bbox 921 792 1144 863; x_wconf 85' lang='lat' dir='ltr'><strong>patrem</strong></span> <span class='ocrx_word' id='word_1_22' title='bbox 1180 802 1251 844; x_wconf 80' lang='lat' dir='ltr'><strong>ac</strong></span> <span class='ocrx_word' id='word_1_23' title='bbox 1285 782 1470 844; x_wconf 88' lang='lat' dir='ltr'><strong>filium</strong></span> <span class='ocrx_word' id='word_1_24' title='bbox 1497 786 1691 845; x_wconf 85' lang='lat' dir='ltr'><strong>sortiri</strong></span> <span class='ocrx_word' id='word_1_25' title='bbox 1716 784 1813 845; x_wconf 80' lang='lat' dir='ltr'><strong>vel</strong></span> <span class='ocrx_word' id='word_1_26' title='bbox 1852 784 2132 844; x_wconf 75' lang='lat' dir='ltr'><strong>dimicare</strong></span> <span class='ocrx_word' id='word_1_27' title='bbox 2149 787 2251 864; x_wconf 85' lang='lat' dir='ltr'><strong>ju·</strong></span> <span class='ocrx_word' id='word_1_28' title='bbox 2280 788 2396 849; x_wconf 86' lang='lat' dir='ltr'><strong>Dio,</strong></span> <span class='ocrx_word' id='word_1_29' title='bbox 2436 807 2508 843; x_wconf 80' lang='lat' dir='ltr'><strong>u.</strong></span> 
     </span>
     <span class='ocr_line' id='line_1_5' title="bbox 359 855 2483 961; baseline 0.004 -28"><span class='ocrx_word' id='word_1_30' title='bbox 359 875 550 948; x_wconf 84' lang='lat' dir='ltr'><strong>beret,</strong></span> <span class='ocrx_word' id='word_1_31' title='bbox 579 878 694 936; x_wconf 78' lang='lat' dir='ltr'><strong>utri</strong></span> <span class='ocrx_word' id='word_1_32' title='bbox 729 878 856 937; x_wconf 72' lang='lat' dir='ltr'><strong>vita</strong></span> <span class='ocrx_word' id='word_1_33' title='bbox 892 879 1341 939; x_wconf 83' lang='lat' dir='ltr'><strong>concederetur:</strong></span> <span class='ocrx_word' id='word_1_34' title='bbox 1381 900 1576 961; x_wconf 86' lang='lat' dir='ltr'><strong>neque</strong></span> <span class='ocrx_word' id='word_1_35' title='bbox 1600 878 1941 960; x_wconf 74' lang='lat' dir='ltr'><strong>spectaculo</strong></span> <span class='ocrx_word' id='word_1_36' title='bbox 1962 882 2255 941; x_wconf 63' lang='lat' dir='ltr'><strong>subtr-exit</strong></span> <span class='ocrx_word' id='word_1_37' title='bbox 2280 855 2483 904; x_wconf 75' lang='lat' dir='ltr'><strong>Sueton.</strong></span> 
     </span>
     <span class='ocr_line' id='line_1_6' title="bbox 358 972 2252 1055; baseline 0.003 -22"><span class='ocrx_word' id='word_1_38' title='bbox 358 972 584 1043; x_wconf 88' lang='lat' dir='ltr'><strong>oculos,</strong></span> <span class='ocrx_word' id='word_1_39' title='bbox 613 994 744 1033; x_wconf 88' lang='lat' dir='ltr'><strong>cum</strong></span> <span class='ocrx_word' id='word_1_40' title='bbox 773 984 942 1055; x_wconf 84' lang='lat' dir='ltr'><strong>patre</strong></span> <span class='ocrx_word' id='word_1_41' title='bbox 967 978 1070 1055; x_wconf 87' lang='lat' dir='ltr'><strong>qui</strong></span> <span class='ocrx_word' id='word_1_42' title='bbox 1103 997 1166 1035; x_wconf 89' lang='lat' dir='ltr'><strong>se</strong></span> <span class='ocrx_word' id='word_1_43' title='bbox 1195 976 1493 1035; x_wconf 87' lang='lat' dir='ltr'><strong>obtulerat</strong></span> <span class='ocrx_word' id='word_1_44' title='bbox 1519 977 1735 1047; x_wconf 87' lang='lat' dir='ltr'><strong>occiso,</strong></span> <span class='ocrx_word' id='word_1_45' title='bbox 1758 976 1919 1037; x_wconf 80' lang='lat' dir='ltr'><strong>filius</strong></span> <span class='ocrx_word' id='word_1_46' title='bbox 1942 978 2118 1037; x_wconf 84' lang='lat' dir='ltr'><strong>etiam</strong></span> <span class='ocrx_word' id='word_1_47' title='bbox 2145 1000 2252 1039; x_wconf 76' lang='lat' dir='ltr'><strong>vo·</strong></span> 
     </span>
     <span class='ocr_line' id='line_1_7' title="bbox 355 1068 2250 1153; baseline 0.004 -27"><span class='ocrx_word' id='word_1_48' title='bbox 355 1068 618 1129; x_wconf 85' lang='lat' dir='ltr'><strong>luntaria</strong></span> <span class='ocrx_word' id='word_1_49' title='bbox 641 1080 830 1131; x_wconf 89' lang='lat' dir='ltr'><strong>morte</strong></span> <span class='ocrx_word' id='word_1_50' title='bbox 857 1073 1090 1151; x_wconf 88' lang='lat' dir='ltr'><strong>periret.</strong></span> <span class='ocrx_word' id='word_1_51' title='bbox 1175 1072 1282 1131; x_wconf 87' lang='lat' dir='ltr'><strong>Ab</strong></span> <span class='ocrx_word' id='word_1_52' title='bbox 1309 1074 1421 1132; x_wconf 87' lang='lat' dir='ltr'><strong>hac</strong></span> <span class='ocrx_word' id='word_1_53' title='bbox 1449 1093 1631 1133; x_wconf 82' lang='lat' dir='ltr'><strong>causa</strong></span> <span class='ocrx_word' id='word_1_54' title='bbox 1657 1074 1837 1133; x_wconf 80' lang='lat' dir='ltr'><strong>ceteri</strong></span> <span class='ocrx_word' id='word_1_55' title='bbox 1864 1076 2250 1153; x_wconf 81' lang='lat' dir='ltr'><strong>captivorum,</strong></span> 
     </span>
     <span class='ocr_line' id='line_1_8' title="bbox 357 1168 2252 1251; baseline 0.003 -26"><span class='ocrx_word' id='word_1_56' title='bbox 357 1185 500 1225; x_wconf 89' lang='lat' dir='ltr'><strong>cum</strong></span> <span class='ocrx_word' id='word_1_57' title='bbox 519 1168 778 1227; x_wconf 83' lang='lat' dir='ltr'><strong>catenati</strong></span> <span class='ocrx_word' id='word_1_58' title='bbox 807 1168 1283 1248; x_wconf 83' lang='lat' dir='ltr'><strong>producerentur,</strong></span> <span class='ocrx_word' id='word_1_59' title='bbox 1312 1168 1580 1229; x_wconf 82' lang='lat' dir='ltr'><strong>Antonio</strong></span> <span class='ocrx_word' id='word_1_60' title='bbox 1600 1170 1949 1251; x_wconf 79' lang='lat' dir='ltr'><strong>imperatore</strong></span> <span class='ocrx_word' id='word_1_61' title='bbox 1975 1169 2252 1240; x_wconf 81' lang='lat' dir='ltr'><strong>salutato,</strong></span> 
     </span>
     <span class='ocr_line' id='line_1_9' title="bbox 361 1260 2378 1363; baseline 0.002 -43"><span class='ocrx_word' id='word_1_62' title='bbox 361 1260 668 1321; x_wconf 68' lang='lat' dir='ltr'><strong>Caesarem</strong></span> <span class='ocrx_word' id='word_1_63' title='bbox 709 1264 996 1323; x_wconf 83' lang='lat' dir='ltr'><strong>conviciis</strong></span> <span class='ocrx_word' id='word_1_64' title='bbox 1031 1264 1464 1343; x_wconf 74' lang='lat' dir='ltr'><strong>prosciderunt3</strong></span> <span class='ocrx_word' id='word_1_65' title='bbox 1510 1266 1804 1345; x_wconf 79' lang='lat' dir='ltr'><strong>praecipue</strong></span> <span class='ocrx_word' id='word_1_66' title='bbox 1847 1264 1939 1323; x_wconf 89' lang='lat' dir='ltr'><strong>M.</strong></span> <span class='ocrx_word' id='word_1_67' title='bbox 1988 1264 2256 1324; x_wconf 84' lang='lat' dir='ltr'><strong>Favonio</strong></span> <span class='ocrx_word' id='word_1_68' title='bbox 2280 1315 2378 1363; x_wconf 87' lang='lat' dir='ltr'><strong>Dio</strong></span> 
     </span>
     <span class='ocr_line' id='line_1_10' title="bbox 355 1352 2451 1439; baseline 0.002 -23"><span class='ocrx_word' id='word_1_69' title='bbox 355 1358 702 1417; x_wconf 85' lang='lat' dir='ltr'><strong>libertatem</strong></span> <span class='ocrx_word' id='word_1_70' title='bbox 728 1357 1031 1437; x_wconf 89' lang='lat' dir='ltr'><strong>loquendi,</strong></span> <span class='ocrx_word' id='word_1_71' title='bbox 1059 1380 1238 1439; x_wconf 90' lang='lat' dir='ltr'><strong>quam</strong></span> <span class='ocrx_word' id='word_1_72' title='bbox 1278 1370 1403 1420; x_wconf 84' lang='lat' dir='ltr'><strong>tota</strong></span> <span class='ocrx_word' id='word_1_73' title='bbox 1425 1362 1551 1421; x_wconf 76' lang='lat' dir='ltr'><strong>vita</strong></span> <span class='ocrx_word' id='word_1_74' title='bbox 1575 1370 1938 1432; x_wconf 82' lang='lat' dir='ltr'><strong>exercuerat,</strong></span> <span class='ocrx_word' id='word_1_75' title='bbox 1974 1362 2033 1420; x_wconf 88' lang='lat' dir='ltr'><strong>in</strong></span> <span class='ocrx_word' id='word_1_76' title='bbox 2060 1370 2253 1421; x_wconf 86' lang='lat' dir='ltr'><strong>extre-</strong></span> <span class='ocrx_word' id='word_1_77' title='bbox 2284 1352 2451 1431; x_wconf 64' lang='lat' dir='ltr'><strong>xnv&#39;u.</strong></span> 
     </span>
     <span class='ocr_line' id='line_1_11' title="bbox 360 1444 2481 1515; baseline 0.001 -4"><span class='ocrx_word' id='word_1_78' title='bbox 360 1452 478 1511; x_wconf 87' lang='lat' dir='ltr'><strong>mis</strong></span> <span class='ocrx_word' id='word_1_79' title='bbox 504 1452 812 1514; x_wconf 85' lang='lat' dir='ltr'><strong>retinente.</strong></span> <span class='ocrx_word' id='word_1_80' title='bbox 1062 1510 1072 1515; x_wconf 82' lang='lat'><strong>-</strong></span> <span class='ocrx_word' id='word_1_81' title='bbox 2280 1444 2481 1495; x_wconf 82' lang='lat' dir='ltr'><strong>Sueton.</strong></span> 
     </span>
     <span class='ocr_line' id='line_1_12' title="bbox 442 1549 2577 1632; baseline 0.001 -25"><span class='ocrx_word' id='word_1_82' title='bbox 442 1556 547 1608; x_wconf 78' lang='lat'><strong>31.</strong></span> <span class='ocrx_word' id='word_1_83' title='bbox 590 1549 878 1609; x_wconf 82' lang='lat' dir='ltr'><strong>Attamen</strong></span> <span class='ocrx_word' id='word_1_84' title='bbox 907 1551 990 1617; x_wconf 82' lang='lat' dir='ltr'><strong>Q.</strong></span> <span class='ocrx_word' id='word_1_85' title='bbox 1019 1550 1279 1610; x_wconf 85' lang='lat' dir='ltr'><strong>Horatio</strong></span> <span class='ocrx_word' id='word_1_86' title='bbox 1307 1559 1522 1632; x_wconf 61' lang='lat' dir='ltr'><strong>poem,</strong></span> <span class='ocrx_word' id='word_1_87' title='bbox 1554 1552 1971 1613; x_wconf 86' lang='lat' dir='ltr'><strong>Brutianarum</strong></span> <span class='ocrx_word' id='word_1_88' title='bbox 1999 1554 2255 1632; x_wconf 84' lang='lat' dir='ltr'><strong>partium</strong></span> <span class='ocrx_word' id='word_1_89' title='bbox 2313 1570 2509 1621; x_wconf 78' lang='lat' dir='ltr'><strong>Sueten.</strong></span> <span class='ocrx_word' id='word_1_90' title='bbox 2527 1574 2577 1622; x_wconf 57' lang='grc' dir='ltr'><strong>ᾗ,</strong></span> 
     </span>
     <span class='ocr_line' id='line_1_13' title="bbox 357 1635 2573 1751; baseline 0.001 -46"><span class='ocrx_word' id='word_1_91' title='bbox 357 1646 620 1717; x_wconf 88' lang='lat' dir='ltr'><strong>tribuno,</strong></span> <span class='ocrx_word' id='word_1_92' title='bbox 646 1649 878 1707; x_wconf 80' lang='lat' dir='ltr'><strong>veniam</strong></span> <span class='ocrx_word' id='word_1_93' title='bbox 917 1649 1250 1727; x_wconf 81' lang='lat' dir='ltr'><strong>impetravit</strong></span> <span class='ocrx_word' id='word_1_94' title='bbox 1275 1650 1609 1719; x_wconf 72' lang='lat' dir='ltr'><strong>Maecenas,</strong></span> <span class='ocrx_word' id='word_1_95' title='bbox 1630 1648 1785 1711; x_wconf 81' lang='lat' dir='ltr'><strong>fidus</strong></span> <span class='ocrx_word' id='word_1_96' title='bbox 1810 1650 1887 1709; x_wconf 88' lang='lat' dir='ltr'><strong>ab</strong></span> <span class='ocrx_word' id='word_1_97' title='bbox 1916 1648 2253 1711; x_wconf 75' lang='lat' dir='ltr'><strong>adolescen-</strong></span> <span class='ocrx_word' id='word_1_98' title='bbox 2281 1635 2393 1749; x_wconf 57' lang='lat' dir='ltr'><strong>V1⁵1⁸&lt;2</strong></span> <span class='ocrx_word' id='word_1_99' title='bbox 2392 1636 2573 1751; x_wconf 47' lang='lat'><strong>&#39;3⁰3²-</strong></span> 
     </span>
     <span class='ocr_line' id='line_1_14' title="bbox 356 1736 2577 1825; baseline 0.005 -24"><span class='ocrx_word' id='word_1_100' title='bbox 356 1742 448 1802; x_wconf 78' lang='lat' dir='ltr'><strong>tia</strong></span> <span class='ocrx_word' id='word_1_101' title='bbox 475 1742 726 1814; x_wconf 68' lang='lat' dir='ltr'><strong>Caesari,</strong></span> <span class='ocrx_word' id='word_1_102' title='bbox 754 1753 816 1802; x_wconf 90' lang='lat' dir='ltr'><strong>et</strong></span> <span class='ocrx_word' id='word_1_103' title='bbox 841 1744 1164 1804; x_wconf 76' lang='lat' dir='ltr'><strong>Mutinensi</strong></span> <span class='ocrx_word' id='word_1_104' title='bbox 1190 1765 1425 1825; x_wconf 89' lang='lat' dir='ltr'><strong>quoque</strong></span> <span class='ocrx_word' id='word_1_105' title='bbox 1459 1746 1622 1805; x_wconf 92' lang='lat' dir='ltr'><strong>bello</strong></span> <span class='ocrx_word' id='word_1_106' title='bbox 1650 1746 1810 1806; x_wconf 87' lang='lat' dir='ltr'><strong>utilis</strong></span> <span class='ocrx_word' id='word_1_107' title='bbox 1834 1765 2051 1818; x_wconf 79' lang='lat' dir='ltr'><strong>comes,</strong></span> <span class='ocrx_word' id='word_1_108' title='bbox 2088 1766 2253 1825; x_wconf 81' lang='lat' dir='ltr'><strong>mag·</strong></span> <span class='ocrx_word' id='word_1_109' title='bbox 2280 1764 2383 1815; x_wconf 71' lang='lat' dir='ltr'><strong>snt.</strong></span> <span class='ocrx_word' id='word_1_110' title='bbox 2420 1736 2471 1815; x_wconf 62' lang='grc' dir='ltr'><strong>ὃ.</strong></span> <span class='ocrx_word' id='word_1_111' title='bbox 2516 1737 2577 1814; x_wconf 70' lang='lat'><strong>1⁰1.</strong></span> 
     </span>
     <span class='ocr_line' id='line_1_15' title="bbox 357 1826 2577 1943; baseline 0.001 -44"><span class='ocrx_word' id='word_1_112' title='bbox 357 1859 688 1918; x_wconf 80' lang='lat' dir='ltr'><strong>natumque</strong></span> <span class='ocrx_word' id='word_1_113' title='bbox 713 1839 922 1899; x_wconf 87' lang='lat' dir='ltr'><strong>dehinc</strong></span> <span class='ocrx_word' id='word_1_114' title='bbox 951 1860 1140 1900; x_wconf 87' lang='lat' dir='ltr'><strong>rerum</strong></span> <span class='ocrx_word' id='word_1_115' title='bbox 1167 1842 1500 1901; x_wconf 88' lang='lat' dir='ltr'><strong>ministeriis</strong></span> <span class='ocrx_word' id='word_1_116' title='bbox 1535 1842 1801 1902; x_wconf 83' lang='lat' dir='ltr'><strong>adhiberi</strong></span> <span class='ocrx_word' id='word_1_117' title='bbox 1826 1842 2051 1902; x_wconf 87' lang='lat' dir='ltr'><strong>solitus.</strong></span> <span class='ocrx_word' id='word_1_118' title='bbox 2136 1843 2253 1902; x_wconf 87' lang='lat' dir='ltr'><strong>Ce-</strong></span> <span class='ocrx_word' id='word_1_119' title='bbox 2281 1826 2373 1939; x_wconf 59' lang='lat' dir='ltr'><strong>gg·</strong></span> <span class='ocrx_word' id='word_1_120' title='bbox 2398 1834 2455 1943; x_wconf 63' lang='grc' dir='ltr'><strong>ξ·</strong></span> <span class='ocrx_word' id='word_1_121' title='bbox 2500 1847 2577 1943; x_wconf 56' lang='grc' dir='ltr'><strong>ἐξ·</strong></span> 
     </span>
     <span class='ocr_line' id='line_1_16' title="bbox 355 1928 2580 2019; baseline 0.004 -25"><span class='ocrx_word' id='word_1_122' title='bbox 355 1936 472 1995; x_wconf 84' lang='lat' dir='ltr'><strong>teri</strong></span> <span class='ocrx_word' id='word_1_123' title='bbox 503 1936 949 2016; x_wconf 81' lang='lat' dir='ltr'><strong>proscriptorum</strong></span> <span class='ocrx_word' id='word_1_124' title='bbox 976 1956 1109 1996; x_wconf 87' lang='lat' dir='ltr'><strong>cum</strong></span> <span class='ocrx_word' id='word_1_125' title='bbox 1135 1936 1267 1999; x_wconf 82' lang='lat' dir='ltr'><strong>aliis</strong></span> <span class='ocrx_word' id='word_1_126' title='bbox 1293 1938 1613 2010; x_wconf 83' lang='lat' dir='ltr'><strong>nobilibus,</strong></span> <span class='ocrx_word' id='word_1_127' title='bbox 1638 1940 1741 2019; x_wconf 87' lang='lat' dir='ltr'><strong>qui</strong></span> <span class='ocrx_word' id='word_1_128' title='bbox 1766 1938 2027 1998; x_wconf 77' lang='lat' dir='ltr'><strong>Thasum</strong></span> <span class='ocrx_word' id='word_1_129' title='bbox 2054 1958 2252 1999; x_wconf 83' lang='lat' dir='ltr'><strong>evase-</strong></span> <span class='ocrx_word' id='word_1_130' title='bbox 2278 1928 2391 2005; x_wconf 56' lang='lat' dir='ltr'><strong>dori.</strong></span> <span class='ocrx_word' id='word_1_131' title='bbox 2416 1958 2580 2007; x_wconf 78' lang='lat' dir='ltr'><strong>carm.</strong></span> 
     </span>
     <span class='ocr_line' id='line_1_17' title="bbox 358 2022 2577 2134; baseline 0.001 -43"><span class='ocrx_word' id='word_1_132' title='bbox 358 2040 518 2102; x_wconf 82' lang='lat' dir='ltr'><strong>rant,</strong></span> <span class='ocrx_word' id='word_1_133' title='bbox 556 2033 768 2111; x_wconf 83' lang='lat' dir='ltr'><strong>partim</strong></span> <span class='ocrx_word' id='word_1_134' title='bbox 808 2030 886 2092; x_wconf 85' lang='lat' dir='ltr'><strong>ad</strong></span> <span class='ocrx_word' id='word_1_135' title='bbox 929 2031 1073 2092; x_wconf 87' lang='lat' dir='ltr'><strong>Sex.</strong></span> <span class='ocrx_word' id='word_1_136' title='bbox 1102 2033 1462 2114; x_wconf 85' lang='lat' dir='ltr'><strong>Pompeium</strong></span> <span class='ocrx_word' id='word_1_137' title='bbox 1495 2036 1860 2113; x_wconf 81' lang='lat' dir='ltr'><strong>navigarunt,</strong></span> <span class='ocrx_word' id='word_1_138' title='bbox 1905 2034 2090 2093; x_wconf 87' lang='lat' dir='ltr'><strong>solum</strong></span> <span class='ocrx_word' id='word_1_139' title='bbox 2122 2038 2253 2113; x_wconf 90' lang='lat' dir='ltr'><strong>jam</strong></span> <span class='ocrx_word' id='word_1_140' title='bbox 2281 2022 2577 2134; x_wconf 41' lang='lat' dir='ltr'><strong>{sll’wp‘n-</strong></span> 
     </span>
     <span class='ocr_line' id='line_1_18' title="bbox 353 2116 2425 2209; baseline 0.002 -24"><span class='ocrx_word' id='word_1_141' title='bbox 353 2127 649 2205; x_wconf 87' lang='lat' dir='ltr'><strong>reliquum</strong></span> <span class='ocrx_word' id='word_1_142' title='bbox 700 2128 968 2208; x_wconf 78' lang='lat' dir='ltr'><strong>partibus</strong></span> <span class='ocrx_word' id='word_1_143' title='bbox 1018 2128 1248 2188; x_wconf 89' lang='lat' dir='ltr'><strong>ducem.</strong></span> <span class='ocrx_word' id='word_1_144' title='bbox 1332 2128 1475 2188; x_wconf 87' lang='lat' dir='ltr'><strong>Nec</strong></span> <span class='ocrx_word' id='word_1_145' title='bbox 1518 2128 1765 2189; x_wconf 82' lang='lat' dir='ltr'><strong>deerant</strong></span> <span class='ocrx_word' id='word_1_146' title='bbox 1806 2131 1910 2209; x_wconf 90' lang='lat' dir='ltr'><strong>qui</strong></span> <span class='ocrx_word' id='word_1_147' title='bbox 1948 2128 2254 2189; x_wconf 75' lang='lat' dir='ltr'><strong>Messallae</strong></span> <span class='ocrx_word' id='word_1_148' title='bbox 2310 2116 2425 2198; x_wconf 62' lang='lat' dir='ltr'><strong>bid.</strong></span> 
     </span>
     <span class='ocr_line' id='line_1_19' title="bbox 351 2210 2495 2323; baseline 0.001 -42"><span class='ocrx_word' id='word_1_149' title='bbox 351 2222 792 2302; x_wconf 83' lang='lat' dir='ltr'><strong>fulgentissimo</strong></span> <span class='ocrx_word' id='word_1_150' title='bbox 817 2224 1052 2302; x_wconf 80' lang='lat' dir='ltr'><strong>juveni,</strong></span> <span class='ocrx_word' id='word_1_151' title='bbox 1079 2225 1466 2303; x_wconf 85' lang='lat' dir='ltr'><strong>proximaque</strong></span> <span class='ocrx_word' id='word_1_152' title='bbox 1505 2224 1698 2283; x_wconf 89' lang='lat' dir='ltr'><strong>Bruto</strong></span> <span class='ocrx_word' id='word_1_153' title='bbox 1727 2234 1788 2283; x_wconf 88' lang='lat' dir='ltr'><strong>et</strong></span> <span class='ocrx_word' id='word_1_154' title='bbox 1813 2224 2022 2284; x_wconf 84' lang='lat' dir='ltr'><strong>Cassio</strong></span> <span class='ocrx_word' id='word_1_155' title='bbox 2054 2234 2252 2284; x_wconf 83' lang='lat' dir='ltr'><strong>aucto-</strong></span> <span class='ocrx_word' id='word_1_156' title='bbox 2280 2210 2495 2323; x_wconf 50' lang='lat' dir='ltr'><strong>ssgffm·</strong></span> 
     </span>
     <span class='ocr_line' id='line_1_20' title="bbox 351 2311 2511 2404; baseline 0.004 -26"><span class='ocrx_word' id='word_1_157' title='bbox 351 2320 560 2391; x_wconf 79' lang='lat' dir='ltr'><strong>ritate,</strong></span> <span class='ocrx_word' id='word_1_158' title='bbox 587 2320 894 2400; x_wconf 89' lang='lat' dir='ltr'><strong>imperium</strong></span> <span class='ocrx_word' id='word_1_159' title='bbox 920 2318 1249 2379; x_wconf 85' lang='lat' dir='ltr'><strong>traderent:</strong></span> <span class='ocrx_word' id='word_1_160' title='bbox 1291 2321 1493 2399; x_wconf 84' lang='lat' dir='ltr'><strong>copias</strong></span> <span class='ocrx_word' id='word_1_161' title='bbox 1516 2340 1813 2400; x_wconf 77' lang='lat' dir='ltr'><strong>superesse</strong></span> <span class='ocrx_word' id='word_1_162' title='bbox 1839 2340 1955 2379; x_wconf 87' lang='lat' dir='ltr'><strong>non</strong></span> <span class='ocrx_word' id='word_1_163' title='bbox 1980 2318 2267 2400; x_wconf 42' lang='lat' dir='ltr'><strong>sperner&amp;</strong></span> <span class='ocrx_word' id='word_1_164' title='bbox 2314 2311 2511 2404; x_wconf 60' lang='lat' dir='ltr'><strong>Eun-op.</strong></span> 
     </span>
     <span class='ocr_line' id='line_1_21' title="bbox 355 2410 2449 2515; baseline 0 -38"><span class='ocrx_word' id='word_1_165' title='bbox 355 2418 493 2488; x_wconf 81' lang='lat' dir='ltr'><strong>(las,</strong></span> <span class='ocrx_word' id='word_1_166' title='bbox 543 2417 621 2477; x_wconf 82' lang='lat' dir='ltr'><strong>ad</strong></span> <span class='ocrx_word' id='word_1_167' title='bbox 667 2418 797 2477; x_wconf 83' lang='lat' dir='ltr'><strong>haec</strong></span> <span class='ocrx_word' id='word_1_168' title='bbox 837 2416 1108 2488; x_wconf 85' lang='lat' dir='ltr'><strong>classem,</strong></span> <span class='ocrx_word' id='word_1_169' title='bbox 1155 2426 1215 2476; x_wconf 92' lang='lat' dir='ltr'><strong>et</strong></span> <span class='ocrx_word' id='word_1_170' title='bbox 1254 2416 1553 2496; x_wconf 85' lang='lat' dir='ltr'><strong>pecunias,</strong></span> <span class='ocrx_word' id='word_1_171' title='bbox 1592 2425 1653 2476; x_wconf 89' lang='lat' dir='ltr'><strong>et</strong></span> <span class='ocrx_word' id='word_1_172' title='bbox 1688 2416 1947 2497; x_wconf 88' lang='lat' dir='ltr'><strong>amplam</strong></span> <span class='ocrx_word' id='word_1_173' title='bbox 1984 2420 2041 2475; x_wconf 87' lang='lat' dir='ltr'><strong>in</strong></span> <span class='ocrx_word' id='word_1_174' title='bbox 2084 2418 2257 2477; x_wconf 84' lang='lat' dir='ltr'><strong>sociis</strong></span> <span class='ocrx_word' id='word_1_175' title='bbox 2280 2410 2449 2515; x_wconf 46' lang='lat' dir='ltr'><strong>{ul-1³·</strong></span> 
     </span>
     <span class='ocr_line' id='line_1_22' title="bbox 354 2484 2411 2594; baseline -0 -21"><span class='ocrx_word' id='word_1_176' title='bbox 354 2516 528 2594; x_wconf 72' lang='lat' dir='ltr'><strong>&#39;spem</strong></span> <span class='ocrx_word' id='word_1_177' title='bbox 556 2513 914 2573; x_wconf 89' lang='lat' dir='ltr'><strong>dictitantes.</strong></span> <span class='ocrx_word' id='word_1_178' title='bbox 983 2510 1106 2571; x_wconf 88' lang='lat' dir='ltr'><strong>Sed</strong></span> <span class='ocrx_word' id='word_1_179' title='bbox 1132 2510 1234 2571; x_wconf 89' lang='lat' dir='ltr'><strong>ille</strong></span> <span class='ocrx_word' id='word_1_180' title='bbox 1260 2512 1508 2572; x_wconf 82' lang='lat' dir='ltr'><strong>fortunae</strong></span> <span class='ocrx_word' id='word_1_181' title='bbox 1536 2512 1861 2572; x_wconf 88' lang='lat' dir='ltr'><strong>cedendum</strong></span> <span class='ocrx_word' id='word_1_182' title='bbox 1885 2533 2009 2572; x_wconf 88' lang='lat' dir='ltr'><strong>esse</strong></span> <span class='ocrx_word' id='word_1_183' title='bbox 2030 2512 2251 2585; x_wconf 87' lang='lat' dir='ltr'><strong>docuit,</strong></span> <span class='ocrx_word' id='word_1_184' title='bbox 2328 2484 2355 2516; x_wconf 83' lang='lat' dir='ltr'><strong>e</strong></span> <span class='ocrx_word' id='word_1_185' title='bbox 2398 2501 2411 2515; x_wconf 73' lang='lat'><em>⁰</em></span> 
     </span>
     <span class='ocr_line' id='line_1_23' title="bbox 353 2608 2491 2687; baseline 0 -19"><span class='ocrx_word' id='word_1_186' title='bbox 353 2608 663 2673; x_wconf 81' lang='lat' dir='ltr'><strong>mittendae</strong></span> <span class='ocrx_word' id='word_1_187' title='bbox 691 2609 765 2669; x_wconf 90' lang='lat' dir='ltr'><strong>ad</strong></span> <span class='ocrx_word' id='word_1_188' title='bbox 792 2610 1043 2670; x_wconf 84' lang='lat' dir='ltr'><strong>victores</strong></span> <span class='ocrx_word' id='word_1_189' title='bbox 1073 2608 1384 2687; x_wconf 81' lang='lat' dir='ltr'><strong>legationis</strong></span> <span class='ocrx_word' id='word_1_190' title='bbox 1409 2617 1630 2669; x_wconf 77' lang='lat' dir='ltr'><strong>auctor.</strong></span> <span class='ocrx_word' id='word_1_191' title='bbox 1712 2608 1855 2671; x_wconf 84' lang='lat' dir='ltr'><strong>Nec</strong></span> <span class='ocrx_word' id='word_1_192' title='bbox 1884 2609 2108 2669; x_wconf 83' lang='lat' dir='ltr'><strong>Bibulo</strong></span> <span class='ocrx_word' id='word_1_193' title='bbox 2131 2608 2251 2669; x_wconf 81' lang='lat' dir='ltr'><strong>dis-</strong></span> <span class='ocrx_word' id='word_1_194' title='bbox 2278 2612 2491 2677; x_wconf 74' lang='lat' dir='ltr'><strong>Appian-</strong></span> 
     </span>
     <span class='ocr_line' id='line_1_24' title="bbox 355 2704 2350 2787; baseline -0.001 -20"><span class='ocrx_word' id='word_1_195' title='bbox 355 2708 674 2777; x_wconf 88' lang='lat' dir='ltr'><strong>sentiente,</strong></span> <span class='ocrx_word' id='word_1_196' title='bbox 717 2708 813 2767; x_wconf 88' lang='lat' dir='ltr'><strong>cui</strong></span> <span class='ocrx_word' id='word_1_197' title='bbox 853 2714 915 2766; x_wconf 89' lang='lat' dir='ltr'><strong>et</strong></span> <span class='ocrx_word' id='word_1_198' title='bbox 949 2708 1062 2787; x_wconf 86' lang='lat' dir='ltr'><strong>ipsi</strong></span> <span class='ocrx_word' id='word_1_199' title='bbox 1103 2705 1323 2766; x_wconf 82' lang='lat' dir='ltr'><strong>tradita</strong></span> <span class='ocrx_word' id='word_1_200' title='bbox 1363 2725 1474 2787; x_wconf 83' lang='lat' dir='ltr'><strong>par</strong></span> <span class='ocrx_word' id='word_1_201' title='bbox 1511 2724 1647 2765; x_wconf 89' lang='lat' dir='ltr'><strong>cum</strong></span> <span class='ocrx_word' id='word_1_202' title='bbox 1681 2704 1969 2765; x_wconf 75' lang='lat' dir='ltr'><strong>Messalla</strong></span> <span class='ocrx_word' id='word_1_203' title='bbox 1999 2714 2254 2785; x_wconf 78' lang='lat' dir='ltr'><strong>potestas</strong></span> <span class='ocrx_word' id='word_1_204' title='bbox 2341 2770 2350 2780; x_wconf 65' lang='grc'><strong>,</strong></span> 
     </span>
     <span class='ocr_line' id='line_1_25' title="bbox 357 2800 2251 2883; baseline -0.001 -20"><span class='ocrx_word' id='word_1_205' title='bbox 357 2814 510 2875; x_wconf 87' lang='lat' dir='ltr'><strong>erat,</strong></span> <span class='ocrx_word' id='word_1_206' title='bbox 539 2803 841 2864; x_wconf 89' lang='lat' dir='ltr'><strong>Antonius</strong></span> <span class='ocrx_word' id='word_1_207' title='bbox 880 2803 1102 2863; x_wconf 87' lang='lat' dir='ltr'><strong>accitus</strong></span> <span class='ocrx_word' id='word_1_208' title='bbox 1142 2802 1308 2878; x_wconf 89' lang='lat' dir='ltr'><strong>(huic</strong></span> <span class='ocrx_word' id='word_1_209' title='bbox 1344 2802 1500 2860; x_wconf 87' lang='lat' dir='ltr'><strong>enim</strong></span> <span class='ocrx_word' id='word_1_210' title='bbox 1543 2802 1678 2883; x_wconf 86' lang='lat' dir='ltr'><strong>plus</strong></span> <span class='ocrx_word' id='word_1_211' title='bbox 1708 2808 1835 2860; x_wconf 91' lang='lat' dir='ltr'><strong>tum</strong></span> <span class='ocrx_word' id='word_1_212' title='bbox 1874 2800 2251 2879; x_wconf 73' lang='lat' dir='ltr'><strong>credebatur)</strong></span> 
     </span>
     <span class='ocr_line' id='line_1_26' title="bbox 357 2897 2253 2979; baseline -0.002 -21"><span class='ocrx_word' id='word_1_213' title='bbox 357 2901 663 2979; x_wconf 82' lang='lat' dir='ltr'><strong>pecunias,</strong></span> <span class='ocrx_word' id='word_1_214' title='bbox 700 2919 884 2969; x_wconf 87' lang='lat' dir='ltr'><strong>arma,</strong></span> <span class='ocrx_word' id='word_1_215' title='bbox 927 2906 1342 2967; x_wconf 85' lang='lat' dir='ltr'><strong>commeatum,</strong></span> <span class='ocrx_word' id='word_1_216' title='bbox 1379 2916 1627 2976; x_wconf 85' lang='lat' dir='ltr'><strong>quarum</strong></span> <span class='ocrx_word' id='word_1_217' title='bbox 1660 2898 1850 2956; x_wconf 78' lang='lat' dir='ltr'><strong>reruni</strong></span> <span class='ocrx_word' id='word_1_218' title='bbox 1884 2897 2143 2956; x_wconf 90' lang='lat' dir='ltr'><strong>omnium</strong></span> <span class='ocrx_word' id='word_1_219' title='bbox 2169 2897 2253 2955; x_wconf 93' lang='lat' dir='ltr'><strong>ibi</strong></span> 
     </span>
     <span class='ocr_line' id='line_1_27' title="bbox 357 2990 2255 3077; baseline -0.003 -21"><span class='ocrx_word' id='word_1_220' title='bbox 357 3016 681 3076; x_wconf 84' lang='lat' dir='ltr'><strong>permagna</strong></span> <span class='ocrx_word' id='word_1_221' title='bbox 715 3005 844 3055; x_wconf 85' lang='lat' dir='ltr'><strong>erat</strong></span> <span class='ocrx_word' id='word_1_222' title='bbox 877 2996 1073 3077; x_wconf 78' lang='lat' dir='ltr'><strong>copia,</strong></span> <span class='ocrx_word' id='word_1_223' title='bbox 1099 3014 1235 3055; x_wconf 88' lang='lat' dir='ltr'><strong>cum</strong></span> <span class='ocrx_word' id='word_1_224' title='bbox 1271 2992 1552 3053; x_wconf 86' lang='lat' dir='ltr'><strong>militibus</strong></span> <span class='ocrx_word' id='word_1_225' title='bbox 1589 2990 1778 3073; x_wconf 85' lang='lat' dir='ltr'><strong>ipsis,⁷</strong></span> <span class='ocrx_word' id='word_1_226' title='bbox 1820 2994 1878 3051; x_wconf 88' lang='lat' dir='ltr'><strong>in</strong></span> <span class='ocrx_word' id='word_1_227' title='bbox 1906 3000 2255 3074; x_wconf 84' lang='lat' dir='ltr'><strong>potestatem</strong></span> 
     </span>
     <span class='ocr_line' id='line_1_28' title="bbox 361 3096 617 3173; baseline -0.004 -20"><span class='ocrx_word' id='word_1_228' title='bbox 361 3096 617 3173; x_wconf 85' lang='lat' dir='ltr'><strong>accepit.</strong></span> 
     </span>
     <span class='ocr_line' id='line_1_29' title="bbox 437 3182 2576 3263; baseline 0.001 -15"><span class='ocrx_word' id='word_1_229' title='bbox 437 3196 541 3248; x_wconf 84' lang='lat'><strong>32.</strong></span> <span class='ocrx_word' id='word_1_230' title='bbox 587 3188 732 3248; x_wconf 89' lang='lat' dir='ltr'><strong>Hoc</strong></span> <span class='ocrx_word' id='word_1_231' title='bbox 766 3196 981 3248; x_wconf 82' lang='lat' dir='ltr'><strong>eventu</strong></span> <span class='ocrx_word' id='word_1_232' title='bbox 1021 3206 1212 3247; x_wconf 89' lang='lat' dir='ltr'><strong>rerum</strong></span> <span class='ocrx_word' id='word_1_233' title='bbox 1242 3186 1501 3263; x_wconf 82' lang='lat' dir='ltr'><strong>cognito,</strong></span> <span class='ocrx_word' id='word_1_234' title='bbox 1533 3184 1760 3245; x_wconf 87' lang='lat' dir='ltr'><strong>Porcia</strong></span> <span class='ocrx_word' id='word_1_235' title='bbox 1799 3182 1972 3243; x_wconf 88' lang='lat' dir='ltr'><strong>Bruti</strong></span> <span class='ocrx_word' id='word_1_236' title='bbox 2009 3186 2252 3261; x_wconf 82' lang='lat' dir='ltr'><strong>conjux,</strong></span> <span class='ocrx_word' id='word_1_237' title='bbox 2299 3198 2576 3249; x_wconf 59' lang='lat' dir='ltr'><strong>Plntht.</strong></span> 
     </span>
     <span class='ocr_line' id='line_1_30' title="bbox 357 3263 2580 3364; baseline -0.003 -21"><span class='ocrx_word' id='word_1_238' title='bbox 357 3287 532 3363; x_wconf 87' lang='lat' dir='ltr'><strong>cujus</strong></span> <span class='ocrx_word' id='word_1_239' title='bbox 551 3285 624 3344; x_wconf 88' lang='lat' dir='ltr'><strong>de</strong></span> <span class='ocrx_word' id='word_1_240' title='bbox 650 3284 993 3346; x_wconf 84' lang='lat' dir='ltr'><strong>fortitudine</strong></span> <span class='ocrx_word' id='word_1_241' title='bbox 1027 3304 1204 3364; x_wconf 89' lang='lat' dir='ltr'><strong>supra</strong></span> <span class='ocrx_word' id='word_1_242' title='bbox 1229 3283 1627 3362; x_wconf 86' lang='lat' dir='ltr'><strong>exposuimus,</strong></span> <span class='ocrx_word' id='word_1_243' title='bbox 1650 3280 1761 3340; x_wconf 91' lang='lat' dir='ltr'><strong>sibi</strong></span> <span class='ocrx_word' id='word_1_244' title='bbox 1799 3298 2003 3338; x_wconf 85' lang='lat' dir='ltr'><strong>necem</strong></span> <span class='ocrx_word' id='word_1_245' title='bbox 2028 3280 2251 3339; x_wconf 87' lang='lat' dir='ltr'><strong>consci-</strong></span> <span class='ocrx_word' id='word_1_246' title='bbox 2279 3272 2329 3311; x_wconf 61' lang='grc' dir='ltr'><strong>θ*</strong></span> <span class='ocrx_word' id='word_1_247' title='bbox 2341 3263 2580 3315; x_wconf 48' lang='lat' dir='ltr'><strong>eamn·</strong></span> 
     </span>
     <span class='ocr_line' id='line_1_31' title="bbox 361 3374 2253 3465; baseline -0.003 -25"><span class='ocrx_word' id='word_1_248' title='bbox 361 3383 470 3450; x_wconf 71' lang='grc' dir='ltr'><strong>νὴ,</strong></span> <span class='ocrx_word' id='word_1_249' title='bbox 508 3384 706 3465; x_wconf 87' lang='lat' dir='ltr'><strong>prunis</strong></span> <span class='ocrx_word' id='word_1_250' title='bbox 739 3379 1034 3441; x_wconf 86' lang='lat' dir='ltr'><strong>devoratis</strong></span> <span class='ocrx_word' id='word_1_251' title='bbox 1075 3376 1434 3449; x_wconf 88' lang='lat' dir='ltr'><strong>ardentibus,</strong></span> <span class='ocrx_word' id='word_1_252' title='bbox 1476 3398 1613 3439; x_wconf 91' lang='lat' dir='ltr'><strong>cum</strong></span> <span class='ocrx_word' id='word_1_253' title='bbox 1638 3378 1863 3437; x_wconf 82' lang='lat' dir='ltr'><strong>intenta</strong></span> <span class='ocrx_word' id='word_1_254' title='bbox 1880 3374 2253 3435; x_wconf 83' lang='lat' dir='ltr'><strong>familiarium</strong></span> 
     </span>
    </p>
   </div>
   <div class='ocr_carea' id='block_1_3' title="bbox 362 3471 2575 3639">
    <p class='ocr_par' dir='ltr' id='par_1_3' title="bbox 362 3471 2575 3639">
     <span class='ocr_line' id='line_1_32' title="bbox 362 3471 2575 3541; baseline -0.008 0"><span class='ocrx_word' id='word_1_255' title='bbox 362 3479 631 3541; x_wconf 88' lang='lat' dir='ltr'><strong>custodia</strong></span> <span class='ocrx_word' id='word_1_256' title='bbox 672 3477 891 3537; x_wconf 81' lang='lat' dir='ltr'><strong>ferrum</strong></span> <span class='ocrx_word' id='word_1_257' title='bbox 933 3483 995 3535; x_wconf 89' lang='lat' dir='ltr'><strong>et</strong></span> <span class='ocrx_word' id='word_1_258' title='bbox 1035 3476 1158 3535; x_wconf 87' lang='lat' dir='ltr'><strong>alia</strong></span> <span class='ocrx_word' id='word_1_259' title='bbox 1195 3474 1546 3535; x_wconf 70' lang='lat' dir='ltr'><strong>voluntariae</strong></span> <span class='ocrx_word' id='word_1_260' title='bbox 1588 3474 1789 3534; x_wconf 87' lang='lat' dir='ltr'><strong>mortis</strong></span> <span class='ocrx_word' id='word_1_261' title='bbox 1829 3471 2004 3532; x_wconf 85' lang='lat' dir='ltr'><strong>solita</strong></span> <span class='ocrx_word' id='word_1_262' title='bbox 2043 3472 2251 3531; x_wconf 88' lang='lat' dir='ltr'><strong>instru-</strong></span> <span class='ocrx_word' id='word_1_263' title='bbox 2309 3475 2421 3524; x_wconf 71' lang='lat' dir='ltr'><strong>val.</strong></span> <span class='ocrx_word' id='word_1_264' title='bbox 2444 3476 2575 3524; x_wconf 72' lang='lat' dir='ltr'><strong>Max.</strong></span> 
     </span>
     <span class='ocr_line' id='line_1_33' title="bbox 366 3543 2565 3639; baseline -0.022 0"><span class='ocrx_word' id='word_1_265' title='bbox 366 3588 567 3639; x_wconf 85' lang='lat' dir='ltr'><strong>menta</strong></span> <span class='ocrx_word' id='word_1_266' title='bbox 599 3574 990 3636; x_wconf 83' lang='lat' dir='ltr'><strong>subduxisset.</strong></span> <span class='ocrx_word' id='word_1_267' title='bbox 2278 3543 2423 3588; x_wconf 79' lang='lat' dir='ltr'><strong>1v-6·</strong></span> <span class='ocrx_word' id='word_1_268' title='bbox 2558 3568 2565 3575; x_wconf 95' lang='lat'><em>·</em></span> 
     </span>
    </p>
   </div>
   <div class='ocr_carea' id='block_1_4' title="bbox 427 3788 2235 3865">
    <p class='ocr_par' dir='ltr' id='par_1_4' title="bbox 427 3788 2235 3865">
     <span class='ocr_line' id='line_1_34' title="bbox 427 3788 2235 3865; baseline -0.009 -14"><span class='ocrx_word' id='word_1_269' title='bbox 427 3805 459 3851; x_wconf 85' lang='grc'><strong>7</strong></span> <span class='ocrx_word' id='word_1_270' title='bbox 492 3800 650 3865; x_wconf 71' lang='lat' dir='ltr'><strong>Atque</strong></span> <span class='ocrx_word' id='word_1_271' title='bbox 669 3800 848 3851; x_wconf 71' lang='lat' dir='ltr'><strong>milites</strong></span> <span class='ocrx_word' id='word_1_272' title='bbox 869 3812 963 3863; x_wconf 81' lang='lat' dir='ltr'><strong>pro</strong></span> <span class='ocrx_word' id='word_1_273' title='bbox 984 3813 1090 3849; x_wconf 68' lang='lat' dir='ltr'><strong>cun</strong></span> <span class='ocrx_word' id='word_1_274' title='bbox 1109 3796 1340 3849; x_wconf 74' lang='lat' dir='ltr'><strong>militibus</strong></span> <span class='ocrx_word' id='word_1_275' title='bbox 1361 3794 1481 3860; x_wconf 71' lang='lat' dir='ltr'><strong>ipsis</strong></span> <span class='ocrx_word' id='word_1_276' title='bbox 1502 3793 1697 3859; x_wconf 80' lang='lat' dir='ltr'><strong>legitur</strong></span> <span class='ocrx_word' id='word_1_277' title='bbox 1720 3793 1772 3843; x_wconf 90' lang='lat' dir='ltr'><strong>in</strong></span> <span class='ocrx_word' id='word_1_278' title='bbox 1796 3790 1920 3841; x_wconf 83' lang='lat' dir='ltr'><strong>edd.</strong></span> <span class='ocrx_word' id='word_1_279' title='bbox 1944 3796 2064 3839; x_wconf 79' lang='lat' dir='ltr'><strong>ante</strong></span> <span class='ocrx_word' id='word_1_280' title='bbox 2085 3788 2235 3837; x_wconf 83' lang='lat' dir='ltr'><strong>Crev.</strong></span> 
     </span>
    </p>
   </div>
  </div>
 </body>
</html>
