3159 4959
585 460 763 523 5854
1565 472 1635 519 τ’.
1685 470 1872 517 mvn

912 613 1079 673 liberi
1118 615 1271 692 ejus,
1306 630 1443 672 cum
1478 614 1537 670 in
1574 630 1816 689 regnum
1859 620 2038 690 atque
2067 612 2500 671 matrimonium
2527 610 2812 691 AEgyptio

592 727 855 779 Vell.'1'=c.
912 730 1071 769 more
1110 710 1317 770 sociati
1354 717 1570 777 essent,
1605 708 1968 768 interierant.
2049 706 2202 765 Tum
2219 709 2390 784 jussu
2419 707 2682 784 Aug-usti
2703 707 2812 765 Ti-

912 806 1105 864 berius
1132 784 1515 864 Artavasden
1544 803 1862 883 imposuit:
1903 802 2007 861 sed
2041 802 2164 881 ipse
2200 822 2436 881 quoque
2475 801 2654 882 paulo
2681 812 2814 881 post

910 900 1178 979 dejectus
1203 912 1312 969 est,
1342 920 1455 958 non
1484 900 1610 958 sine
1635 899 1810 960 clade
1837 898 2140 958 Romana.
2202 897 2478 957 Ceterum
2507 900 2636 957 haec
2655 909 2813 977 post-

914 996 1151 1055 modum
1178 995 1547 1054 acciderunt.

592 1104 709 1151 Dio.
994 1097 1094 1149 26.
1154 1090 1309 1148 Tum
1356 1108 1495 1149 vero
1542 1089 1858 1167 Augustus
1899 1108 1978 1147 ex
2021 1089 2246 1147 oriente
2291 1108 2556 1147 reversus
2599 1089 2810 1148 iterum

624 1200 806 1248 Euaeb.
912 1187 1269 1265 hybernavit
1296 1184 1485 1253 Sami,
1528 1184 1986 1263 libertatemque
2021 1184 2186 1243 velut
2225 1185 2283 1243 in
2327 1184 2656 1243 mercedem
2683 1186 2816 1243 bos-

592 1264 775 1376 gi'gffl·
917 1281 1047 1360 pitii
1083 1279 1302 1339 Samiis
1326 1279 1511 1340 dedit.
1599 1277 1741 1337 Nec
1777 1279 1860 1336 ibi
1903 1298 2010 1358 per
2049 1298 2227 1356 segne
2253 1278 2440 1337 otium
2481 1278 2817 1339 traductum

610 1386 615 1394 “
700 1363 713 1378 ’
916 1386 1149 1456 tempus
1186 1386 1297 1445 ωε,
1334 1376 1650 1435 multarum
1687 1377 1992 1433 nationum
2017 1375 2238 1453 regulis
2261 1396 2335 1434 eo
2362 1373 2648 1452 legatisve
2677 1396 2817 1435 con-

630 1490 829 1537 Sueten.
918 1470 1251 1531 fluentibus.
1312 1470 1509 1530 Tanta
1534 1456 1692 1529 enim
1719 1470 1998 1547 majestas
2019 1469 2277 1529 Caesaris
2299 1470 2434 1539 fuit,
2457 1478 2525 1528 ut
2553 1468 2817 1549 Scythae,

597 1553 727 1664 ξιξ·
738 1556 881 1663 193·ιῖ
920 1562 1363 1637 Garamantes*
1404 1576 1465 1625 et
1494 1566 1830 1635 Bactriani,
1857 1574 2117 1626 oratores
2141 1565 2218 1625 de
2245 1565 2462 1625 foedere
2501 1568 2819 1625 mitterent.

629 1650 779 1728 Au'cn
799 1649 865 1725 ’de
882 1644 899 1659 ⁹
922 1661 1043 1720 Sed
1072 1682 1193 1741 prae
1218 1663 1426 1721 ceteris
1454 1661 1670 1722 Indica
1695 1662 2000 1721 celebrata
2026 1662 2246 1739 legatio
2281 1672 2394 1732 est,
2437 1682 2474 1720 a
2501 1662 2822 1723 Pandione

602 1742 839 1855 {galgin
922 1756 1095 1815 missa
1118 1765 1180 1815 et
1205 1757 1373 1815 Poro
1397 1758 1669 1834 regibus3
1714 1776 1963 1835 quorum
2001 1756 2154 1817 alter
2187 1759 2390 1835 utique
2428 1757 2588 1836 prius
2627 1760 2684 1816 in
2713 1778 2822 1818 ex-

600 1838 899 1919 ero-:nib
922 1859 1170 1909 tremum
1214 1872 1397 1932 usque
1442 1849 1834 1922 occidentem,
1883 1852 2164 1913 amicitiae
2199 1842 2472 1931 pe‘tendae
2509 1872 2710 1924 causa,
2745 1854 2826 1913 ad

603 1933 812 2047 effa}
924 1946 1287 2025 Augustum,
1332 1950 1389 2007 in
1440 1947 1742 2028 Hispania
1783 1947 2250 2026 belligerantem,
2293 1948 2616 2026 legaverat.
2699 1948 2825 2009 Ni-

603 2062 723 2110 Dio.
923 2044 1125 2103 colans
1154 2044 1578 2115 Damascenus,
1619 2046 1724 2123 qui
1759 2064 1822 2103 se
1849 2046 1955 2104 hos
1981 2044 2200 2103 vidisse
2228 2044 2574 2104 Antiochiae
2597 2046 2824 2114 scribit,

608 2124 837 2251 3⁸?ssss
922 2148 1042 2199 tres
1066 2122 1294 2199 tantum
1330 2142 1663 2220 pervenisse
1698 2150 1908 2200 auctor
1947 2150 2058 2211 est,
2096 2142 2304 2200 ceteris
2344 2141 2406 2199 in
2443 2142 2647 2200 itinere
2673 2161 2826 2199 mor-

602 2254 907 2302 θεάσαιο.
926 2236 1060 2295 tuis.
1144 2235 1419 2295 Plurium
1446 2235 1602 2294 enim
1629 2237 1848 2295 mentio
1873 2234 2060 2295 fiebat
2097 2236 2156 2293 in
2193 2236 2405 2305 literis,
2433 2256 2584 2316 quas
2609 2235 2828 2295 Graeco

606 2316 909 2429 Effigffg‘t’*
928 2349 1191 2389 sermone
1228 2331 1477 2409 scriptas
1516 2330 1844 2390 attulerant
1879 2332 1938 2390 in
1979 2330 2134 2389 hunc
2177 2349 2412 2390 sensum
2443 2350 2458 2389 ε
2513 2342 2532 2367 ⁸
2563 2332 2622 2389 A
2659 2330 2828 2390 Poro

606 2443 673 2491 ibi
714 2444 841 2493 Scal.
930 2428 1141 2487 scribi:
1174 2428 1277 2505 qui
1298 2429 1532 2487 tametsi
1556 2427 1792 2505 regibus
1809 2428 2108 2487 sexcentis
2125 2428 2397 2507 imperet,
2425 2427 2660 2507 plurimi
2679 2428 2826 2487 ami-

605 2508 789 2559 S‘mbffi
932 2524 1133 2582 citiam
1176 2522 1363 2583 faciat
1402 2522 1676 2596 Caesaris,
1723 2524 2028 2582 transitum
2066 2521 2312 2581 daturus
2339 2523 2416 2591 ei,
2456 2542 2830 2602 quocumque

934 2627 1161 2698 pergat,
1186 2628 1249 2677 et
1274 2619 1581 2696 adjuturus
1607 2618 1668 2676 in
1695 2618 1962 2696 quolibet
1978 2618 2450 2697 justo-negotio.'

1012 2720 1112 2775 27.
1144 2712 1325 2772 Dona
1344 2732 1604 2791 quoque,
1630 2734 1736 2792 per
1759 2723 1897 2773 octo
1921 2734 2140 2785 servos,
2168 2722 2380 2794 praeter
2397 2716 2616 2794 pubem
2641 2714 2830 2774 nudos

934 2818 995 2867 et
1036 2806 1313 2866 odoribus
1354 2826 1716 2886 conspersos,
1768 2827 1902 2886 quae
1947 2819 2168 2870 vocant
2209 2808 2622 2889 diapasmata,¹
2657 2811 2830 2869 obtu-

626 2888 744 2967 'Dio
764 2922 817 2965 et
938 2902 1167 2962 lerunt:
1192 2916 1203 2925 ·
1229 2900 1530 2971 Herman,
1576 2900 1702 2961 sive
1743 2902 2038 2963 hominem
2079 2906 2210 2964 sine
2249 2905 2510 2964 brachiis
2551 2906 2832 2983 genitum,

612 2980 803 3031 ⁸³⁸⁵*
938 3000 1041 3079 qui
1090 2998 1341 3078 pedibus
1366 2998 1678 3057 -oendebat
1729 3018 1954 3070 arcum,
2013 3000 2322 3060 emittebat
2367 3003 2637 3078 sagittas,
2691 3002 2832 3061 tuba

934 3096 1212 3165 canebat,
1254 3093 1457 3173 qualia
1495 3104 1694 3155 nostra
1725 3104 1901 3155 aetate
1941 3116 2118 3175 saepe,
2155 3106 2216 3155 et
2245 3097 2336 3155 his
2373 3096 2708 3157 difficiliora
2745 3098 2834 3157 vi-

644 3206 773 3254 Plin.
797 3222 915 3255 vm.
936 3191 1152 3261 dimus,
1182 3191 1305 3250 Dio
1324 3190 1427 3249 vix
1456 3190 1575 3249 fide
1602 3190 1784 3270 digna
1794 3192 2112 3271 judicavit.
2169 3192 2315 3252 Fuit
2339 3194 2490 3253 inter
2513 3214 2758 3255 munera
2773 3204 2836 3255 et

614 3276 714 3383 gii>
770 3308 780 3326 =
936 3288 1120 3365 tigris,
1174 3296 1298 3347 tum
1344 3289 1594 3367 primum
1643 3288 1957 3359 Romanis,
2007 3298 2088 3359 et,
2141 3290 2296 3349 sicut
2341 3292 2641 3351 existimat
2683 3291 2831 3362 Dio,

615 3368 801 3447 Str-iao.
938 3382 1171 3442 Graecis
1184 3384 1363 3442 etiam
1378 3394 1726 3463 conspecta:
1755 3394 1818 3444 et
1831 3386 2036 3464 vipera
2055 3386 2382 3446 immodicae
2397 3387 2834 3465 magnitudinis,

615 3465 849 3590 Λῖῗῑῖξζ
938 3498 1071 3536 cum
1100 3495 1291 3555 angue
1318 3479 1750 3557 quinquaginta
1767 3482 2123 3552 cubitorum,
2154 3490 2218 3541 et
2243 3481 2538 3541 testudine
2563 3482 2836 3543 fluviatili

616 3592 801 3641 strabo.
940 3572 999 3629 in
1016 3580 1133 3629 tres
1144 3573 1379 3631 cubitos
1394 3582 1686 3652 porrecta,
1709 3575 2034 3655 perdixque
2053 3576 2282 3635 vulture
2299 3579 2506 3655 major.
2553 3576 2840 3639 Gemmas

631 3674 641 3681 '
939 3669 1195 3747 insuper,
1223 3676 1285 3727 et
1308 3670 1675 3747 margaritas,
1701 3680 1764 3729 et
1787 3672 2136 3751 elephantos
2159 3673 2316 3732 dono
2343 3672 2649 3733 dederunt.
2712 3673 2834 3734 Sed

622 3774 750 3823 rior.
942 3784 1063 3843 prae
1109 3764 1383 3823 omnibus
1426 3763 1918 3843 longinquitatem
1969 3768 2191 3827 itineris
2233 3769 2629 3848 imputabant,
2673 3768 2835 3850 quod

943 3860 1047 3918 vix
1073 3860 1457 3938 quadriennio
1482 3860 1892 3921 confecissent.

624 3965 841 4079 sii-'igne‘
1010 3962 1110 4015 28.
1136 3954 1260 4015 His
1277 3954 1513 4015 domum
1534 3958 1950 4035 repetentibus,
1969 3958 2130 4037 apud
2153 3959 2492 4040 Augustum
2513 3961 2842 4020 Zarmanus

1012 4120 1035 4151 Β
1071 4120 1410 4183 Garamantes]
1444 4120 1710 4169 Sarmatas
1736 4121 1856 4184 juu-
1921 4130 2166 4173 constant
2198 4138 2312 4189 que
2335 4126 2631 4187 diapasmata
2655 4139 2836 4176 vocau-

946 4183 1023 4246 git
1040 4182 1246 4243 Scythis
1270 4183 1465 4233 Florus.
1504 4184 1644 4233 Crev-
1922 4195 2025 4238 tur.
2061 4188 2198 4237 Pliu.
2225 4200 2348 4238 xlu.
2369 4192 2420 4237 2.
2459 4190 2602 4238 Crev-

1016 4246 1029 4277 ¹
1058 4246 1393 4312 Dianam]
1422 4248 1590 4298 Siccis
1615 4248 1856 4299 odoribus
