3159 4959
667 438 843 516 5900

697 632 894 681 Sueton-

666 696 707 743 A
716 713 794 761 ug.
814 703 897 747 66.

662 1016 803 1079 Pigh.
828 1016 960 1067 Anu.

658 2248 800 2311 Pigh.
824 2250 955 2301 Anu.

1628 462 1694 510 ‘l'-
1747 462 1930 509 mvn

984 608 1205 688 quippe
1234 626 1359 665 mos
1386 606 1632 674 Caesari,
1663 624 2000 683 quanquam
2045 602 2460 662 haereditatum
2503 602 2748 662 minime
2797 622 2912 662 eu-

988 704 1149 783 pido,
1166 702 1401 781 judicia
1444 702 1766 760 amicorum
1807 700 2100 780 pensitare
2147 699 2451 767 morosius,
2491 716 2678 776 neque
2719 690 2910 759 dolo-

984 819 1105 857 rem
1142 806 1247 857 aut
1290 797 1569 875 gaudium
1614 797 2008 867 dissimulare,
2040 804 2214 876 prout
2257 798 2314 853 in
2343 796 2712 853 testamentis
2753 816 2910 873 neg-

981 894 1199 953 lectum
1224 913 1286 952 se
1312 901 1417 951 aut
1444 892 1791 951 honoratum
1833 893 2158 971 reperisset.

1063 996 1163 1049 24.
1206 989 1363 1049 Post
1399 989 1527 1047 haec
1564 988 1662 1046 Ti.
1692 986 1982 1047 Claudius
2006 987 2102 1046 Ti.
2137 986 2206 1046 F.
2235 986 2559 1046 secundum
2587 987 2723 1047 iniit
2747 1007 2904 1047 oon·

982 1085 1261 1156 sulatum,
1297 1104 1433 1145 cum
1477 1084 1594 1143 Cn.
1636 1083 1962 1163 Calpurnio
2001 1082 2118 1143 Cn.
2155 1082 2226 1141 F.
2257 1082 2506 1151 Pisone,
2533 1085 2706 1160 cujus
2751 1084 2904 1142 item

982 1182 1133 1241 alter
1168 1182 1263 1240 hic
1298 1179 1638 1239 consulatus
1670 1178 1847 1237 fuisse
1884 1198 1921 1237 a
1951 1177 2308 1257 quibusdam
2347 1176 2600 1237 traditur
2620 1197 2635 1235 :
2659 1178 2685 1211 ‘
2729 1179 2902 1257 quod

984 1285 1326 1354 argumento
1350 1284 1441 1335 est
1464 1277 1618 1335 inter
1651 1274 2014 1354 superiorum
2055 1290 2340 1332 annorum
2377 1273 2656 1332 suffectos
2686 1272 2900 1334 fuisse.

985 1371 1151 1431 Nam
1187 1374 1234 1431 si
1272 1372 1408 1450 quis
1439 1370 1694 1430 eundem
1729 1390 1855 1429 esse
1885 1379 2071 1450 putet,
2101 1358 2204 1447 qui
2229 1389 2365 1428 eum
2395 1368 2672 1445 Augusto
2697 1370 2899 1430 unde-

980 1468 1196 1527 cimum
1239 1466 1477 1527 consule
1520 1467 1720 1543 gessit,
1747 1464 1918 1525 illum
1954 1474 2182 1544 patrem
2219 1464 2396 1544 hujus
2429 1466 2674 1526 Pisonis
2709 1466 2900 1527 fuisse

979 1562 1192 1632 discat,
1220 1563 1380 1641 quod
1409 1582 1483 1621 ex
1516 1562 1938 1642 probatissimis
1963 1561 2302 1620 auctoribus
2327 1559 2566 1619 abunde
2589 1572 2855 1622 constat.

1061 1665 1160 1717 25.
1200 1659 1354 1717 Tum
1394 1660 1570 1736 igitur
1604 1654 1898 1727 Tiberius,
1931 1656 2226 1719 Kalendis
2253 1656 2553 1717 Januariis
2587 1668 2802 1717 senatu
2835 1661 2894 1717 in

984 1754 1257 1813 Octaviae
1298 1757 1487 1832 gentis
1528 1754 1670 1815 fano
1713 1762 1884 1813 extra
1922 1755 2265 1833 pomoerium
2311 1752 2537 1823 habito,
2577 1756 2740 1828 (nam
2789 1757 2895 1815 tri-

982 1848 1269 1927 umphans
1304 1850 1547 1909 initurus
1591 1850 1820 1909 Urbem
1860 1853 2040 1927 erat,)
2069 1849 2259 1907 aedem
2289 1848 2641 1909 Concordiae
2669 1851 2897 1910 instau-

980 1944 1223 2004 randam
1270 1947 1381 2005 sibi
1426 1948 1652 2015 sumsit,
1695 1954 1760 2004 ut
1799 1946 1858 2003 in
1901 1966 1974 2004 eo
2017 1963 2185 2003 suum
2225 1953 2287 2003 et
2324 1943 2506 2002 Drusi
2544 1964 2753 2003 nomen
2799 1949 2893 2005 in-

976 2041 1274 2099 scriberet.
1361 2045 1525 2099 Acto
1560 2037 1775 2099 deinde
1810 2040 2130 2119 triumpho,
2157 2058 2278 2097 una
2311 2058 2445 2098 eum
2485 2048 2668 2097 matre
2695 2038 2892 2101 Liviae

980 2138 1169 2213 gentis
1190 2138 1509 2196 sacrarium
1534 2136 1862 2204 dedicavit,
1891 2144 2070 2215 atque
2111 2137 2238 2215 ipse
2273 2135 2637 2194 senatoribus
2669 2136 2728 2194 in
2762 2138 2890 2197 Ca·

982 2234 1212 2313 pitolio,
1242 2232 1581 2291 mulieribus
1615 2232 1786 2291 Livia
1820 2232 2058 2291 seorsim
2085 2231 2325 2310 epulum
2353 2231 2624 2311 praebuit.
2709 2232 2888 2293 Idem

982 2338 999 2364 ⁶
1022 2328 1117 2387 Ti.
1148 2327 1444 2387 Claudius
1466 2326 1561 2387 Ti.
1588 2327 1659 2385 F.
1685 2324 1877 2397 Nero,
1907 2325 2201 2407 pontifex,
2227 2325 2431 2385 consul
2460 2326 2691 2397 iterum,
2713 2325 2890 2388 ludos

983 2425 1210 2483 votivos
1249 2444 1355 2504 pro
1399 2424 1592 2483 reditu
1639 2424 2008 2503 imperatoris
2043 2422 2296 2481 Coesaris
2325 2422 2470 2482 Divi
2503 2422 2574 2481 F.
2601 2422 2888 2501 Augusti,

982 2519 1280 2600 pontificis
1306 2520 1572 2589 maximi,
1601 2518 1740 2578 Jovi
1777 2519 2025 2599 Optimo
2063 2518 2341 2577 Maximo
2366 2518 2552 2587 fecit,'
2589 2528 2655 2577 ut
2679 2520 2884 2579 hodie-

979 2634 1095 2694 que
1148 2616 1306 2675 basis
1358 2634 1698 2674 marmoreae
1749 2616 2054 2693 inscriptio
2101 2614 2334 2694 prodit:
2396 2634 2762 2693 quanquam,
2813 2636 2884 2675 eo

980 2710 1357 2769 Germanicis
1400 2712 1660 2769 motibus
1699 2721 1968 2779 evocato,
2017 2710 2091 2769 C.
2134 2712 2338 2770 Caesar
2383 2719 2446 2769 et
2483 2710 2690 2770 consul
2731 2710 2883 2773 Piso

978 2824 1081 2883 pro
1124 2824 1197 2863 eo
1236 2804 1522 2864 fecerunt.
1608 2804 1682 2863 In
1731 2804 2054 2864 Germania
2095 2814 2290 2865 tamen
2341 2806 2488 2865 nihil
2537 2806 2614 2866 ad
2661 2826 2881 2867 memo·

976 2900 1120 2959 riam
1164 2902 1387 2980 insigne
1427 2910 1676 2979 gestum.

1054 2998 1156 3055 26.
1200 2997 1294 3056 At
1340 2996 1554 3057 Romae
1603 2996 2050 3057 Diribitorium'
2095 2996 2304 3056 eodem
2352 3017 2508 3057 anno
2553 2997 2878 3077 perfectum

975 3102 1086 3162 est,
1112 3094 1271 3172 quod
1299 3093 1575 3174 Agrippa
1612 3095 2012 3169 inchoaverat.
2099 3092 2437 3154 Maximum
2471 3093 2532 3153 id
2559 3094 2878 3155 aedificium

975 3188 1151 3247 fuisse
1202 3190 1418 3249 dicitur
1462 3208 1686 3258 eorum,
1733 3208 1868 3268 quae
1915 3208 2160 3266 usquam
2208 3190 2400 3267 posita
2443 3190 2560 3249 sint
2601 3190 2712 3249 sub
2758 3208 2878 3250 uno

974 3292 1132 3344 tecto
1156 3306 1170 3345 :
1214 3285 1482 3365 adeoque
1508 3296 1820 3365 postquam
1851 3292 2137 3344 vetustate
2162 3284 2494 3364 collapsum
2522 3295 2740 3345 tectum
2765 3296 2877 3357 est,

976 3382 1287 3441 instaurari
1323 3383 1579 3461 potuisse
1616 3390 1854 3458 negant.
1951 3380 2078 3440 Sub
2116 3380 2272 3439 idem
2313 3390 2546 3462 tempus
2585 3382 2877 3461 Agrippa

972 3477 1247 3535 funebres
1299 3476 1423 3536 ludi
1470 3476 1640 3545 facti,
1682 3496 1872 3555 eoque
1919 3476 2018 3535 die
2063 3494 2284 3545 omnes,
2329 3496 2402 3535 ne
2447 3476 2586 3535 filiis
2630 3477 2876 3555 quidem

976 3572 1229 3631 Oaesaris
1271 3574 1558 3652 exeeptis,
1603 3580 1814 3651 praeter
1861 3574 2074 3651 ipsum,
2113 3572 2170 3629 in
2216 3572 2381 3651 pulla
2419 3582 2581 3632 veste
2621 3573 2872 3633 fuerunt.

974 3668 1318 3749 Spectatum
1346 3679 1437 3727 est
1462 3669 1519 3728 in
1550 3668 1770 3748 Septis,
1799 3678 1924 3727 tum
1951 3669 2007 3727 in
2047 3669 2323 3727 honorem
2365 3668 2676 3749 Agrippae,
2703 3672 2875 3749 cnjus

972 3764 1053 3824 ibi
1098 3774 1476 3823 monumenta
1508 3766 1868 3833 visebantur,
1911 3774 2036 3824 tum
2077 3764 2220 3843 quia
2255 3764 2444 3823 multa
2482 3766 2644 3825 circa
2682 3765 2870 3825 forum

970 3860 1226 3920 aedificia
1262 3871 1541 3921 arserant.
1630 3859 1901 3920 Incendii
1935 3860 2114 3941 eulpa
2150 3862 2208 3919 in
2245 3862 2402 3941 ipsos
2433 3861 2706 3921 dominos
2727 3874 2868 3921 con-

1036 4056 1065 4085 *
1100 4058 1163 4107 A.
1192 4060 1253 4108 U.
1274 4060 1333 4109 C.
1355 4063 1468 4111 us.
1535 4059 1603 4108 A.
1627 4059 1685 4109 C.
1709 4062 1758 4107 7.
1952 4054 2172 4108 Quidam
2215 4056 2284 4107 ibi
2321 4058 2586 4119 stipendia
2621 4056 2867 4108 militibus

1032 4131 1051 4157 ¹
1106 4123 1462 4188 Diribitorium]
1532 4124 1679 4172 vani
1737 4123 1884 4187 hujus
1951 4133 2238 4185 numerata,
2259 4124 2343 4173 alii
2377 4124 2602 4173 comitiis
2633 4123 2866 4173 diribitan

970 4186 1171 4237 edificii
1240 4190 1469 4251 quisnam
1532 4204 1646 4236 uam
1707 4186 1882 4247 fuerit,
1951 4188 2192 4236 euntibus
2225 4190 2274 4235 in
2300 4184 2542 4250 suffragia
2572 4188 2765 4241 civibus
2788 4197 2866 4239 ta·

968 4250 1185 4301 definire
1228 4254 1373 4302 nobis
1418 4254 1552 4303 haud
1598 4251 1753 4301 facile
1791 4263 1886 4303 est.
1951 4252 2112 4303 bellas
2138 4260 2338 4316 putant.
2382 4254 2520 4302 Creo.
