3159 4959
870 444 1072 493 mann
1129 440 1400 493 cxxvi.
1445 442 2095 492 supputant-run.
2413 426 2587 493 ⁶57⁷

369 576 656 644 Herodes
681 576 892 663 gnarus
910 586 1016 654 rei,
1045 592 1348 645 mimante
1379 584 1579 645 urbem
1604 583 2019 651 diversaretur.
2038 579 2265 663 prodiit

366 682 804 741 accusatoribus
825 682 946 739 suis
969 681 1232 753 obviam,
1254 681 1597 760 monuitque
1624 681 1737 741 sibi
1772 688 2093 761 parcerent.
2149 688 2167 713 ‘
2194 678 2261 737 Si

365 780 524 837 enim
549 777 1051 857 progrederentur,
1081 778 1300 837 malum
1321 777 1665 837 habituros-⁹
1738 776 1837 841 ‚At
1860 776 1973 846 illi,
2000 783 2262 835 contam-

367 884 432 934 to
456 874 727 945 Herode,
751 892 886 933 cum
915 874 992 934 ad
1021 876 1226 935 urbem
1268 875 1671 955 procederent,
1696 876 1907 935 obvios
1930 876 2264 943 habuerunt

365 981 640 1040 armatos,
683 990 720 1029 a
745 970 957 1050 quibus
993 970 1288 1030 interfecti
1321 980 1460 1029 sunt
1497 968 1785 1038 nonnulli,
1821 970 2067 1029 sanciati
2099 988 2259 1029 com-

359 1066 584 1147 plures,
617 1065 830 1145 reliqui
871 1067 1130 1143 conjecti
1169 1066 1226 1124 in
1258 1064 1458 1143 fugam
1499 1066 1687 1123 moesti
1724 1065 1992 1123 abierunt
2037 1063 2260 1123 domos.

364 1162 515 1221 Mox
547 1162 848 1223 Antonius
873 1182 976 1221 eos
997 1163 1202 1230 etiam,
1237 1180 1390 1240 quos
1415 1161 1681 1219 habebat
1716 1162 1775 1218 in
1805 1159 2075 1229 vinculis,
2102 1160 2261 1219 occi-

357 1258 469 1327 dit,
513 1268 824 1338 propterea
857 1256 1020 1337 quod
1067 1278 1106 1315 a
1141 1257 1318 1337 plebe
1355 1256 1908 1335 Hierosolymitana
1952 1255 2263 1315 Herodem

361 1354 652 1415 conviciis·
671 1361 988 1432 exceptum
1012 1372 1138 1411 esse
1164 1360 1538 1430 cognoverat.

353 1488 364 1503 .
451 1454 547 1507 14.
591 1446 852 1519 Interea,
880 1446 1142 1525 digressa
1175 1449 1236 1507 in
1263 1448 1589 1527 Egyptum
1622 1446 1967 1528 Cleopatra,
1997 1446 2091 1507 Μ.
2122 1447 2255 1506 An·
2286 1452 2497 1517 Appia.

355 1544 578 1613 toniuS,
632 1551 888 1603 resumta
938 1542 1237 1623 paulisper
1285 1542 1653 1621 imperatoris
1702 1563 1973 1623 persona,
2022 1552 2263 1624 propter
2284 1548 2399 1601 Dio.
2417 1534 2553 1601 Pht}

360 1637 644 1707 Parthos,
687 1638 792 1717 qui
833 1657 1134 1717 nunquam
1165 1638 1309 1697 satis
1337 1637 1546 1717 quieti,
1573 1648 1699 1699 tum
1726 1638 1983 1701 validius
2004 1660 2069 1698 se
2092 1658 2255 1699 com-

359 1754 592 1793 movere
615 1732 988 1807 dicebantur,
1015 1736 1244 1813 equitas
1270 1733 1625 1815 Palmyram
1654 1736 1837 1805 misit,
1876 1735 2079 1815 oppidi
2115 1734 2255 1795 diri-
2282 1745 2497 1811 Appian-

357 1828 557 1909 piendi
605 1830 818 1909 gratie,
865 1830 1025 1908 quod
1053 1832 1265 1891 sentire
1306 1850 1444 1891 oum
1490 1832 1739 1891 Parthis
1788 1831 2254 1891 insimulabatur.

356 1924 482 1985 Sed
509 1925 882 2006 Palmyreni,
909 1926 1271 2006 corporibus,
1299 1946 1613 2006 rerumque
1636 1946 1872 1986 suarum
1896 1925 2257 2006 pretiosiori-

349 2022 470 2081 ‚bus
511 2030 672 2082 trans
711 2022 1080 2103 Euphratem
1119 2024 1405 2101 trajectis,
1445 2024 1747 2101 equitibus
1775 2042 1971 2084 vacua
2002 2020 2258 2083 aedificis

361 2116 754 2197 reliquemnt;
813 2118 1112 2199 dispositis
1162 2138 1268 2197 pro
1311 2119 1444 2197 ripa
1493 2118 1835 2196 sagittariis,
1883 2138 2003 2197 quo
2046 2136 2257 2195 genere

345 2214 674 2293 -plurimum
703 2214 931 2285 valent,
969 2213 1288 2273 intercluso
1327 2214 1603 2273 transitu.
1686 2214 1819 2272 Hic
1852 2222 2099 2273 conatus
2123 2211 2255 2271 An·-

339 2310 532 2377 0t0nii,
571 2319 634 2367 et
676 2318 1082 2390 tyrannorum,
1129 2328 1280 2388 quos
1298 2360 1304 2365 .
1322 2309 1542 2388 ubique
1590 2308 1933 2368 civitatibus
1966 2306 2259 2367 Romanis

341 2404 690 2482 expulerat,
719 2404 798 2463 ad
823 2404 1090 2473 Bartho's
1122 2403 1290 2481 fuga,
1324 2404 1613 2482 simulque
1652 2404 1995 2483 gravissima
2020 2401 2257 2483 populis

345 2497 632 2578 imposita
669 2500 910 2569 tributa,
953 2517 1232 2575 magnum
1273 2498 1536 2557 attulisse
1563 2508 1917 2559 momentum
1952 2506 2251 2579 putantur,

339 2603 442 2664 ut,
469 2595 646 2655 citius
685 2616 864 2674 quam
895 2596 1215 2665 timeretur,
1252 2595 1603 2657 Parthicum
1640 2594 1863 2655 bellum
1886 2603 2247 2675 erumperet.

343 2688 484 2749 Sed
505 2690 806 2750 Antonius
830 2711 1024 2769 neque
1064 2689 1294 2749 Fulviae
1319 2688 1552 2749 labores
1575 2691 1635 2751 in
1663 2690 1873 2759 Italia,
1900 2710 2091 2769 neque
2118 2711 2249 2771 pro—
2274 2699 2412 2750 Plut.

355 2785 678 2845 vinciarum
711 2788 1092 2846 necessitates
1131 2794 1194 2845 et
1231 2785 1494 2865 pericula
1531 2797 1816 2857 moratus,
1840 2788 2025 2865 copiis
2052 2789 2109 2846 in
2139 2789 2248 2869 hy-

353 2886 537 2943 berna
569 2882 917 2951 distributis,
958 2890 1022 2940 et
1065 2880 1233 2941 Saxa
1279 2880 1472 2961 Syriae
1504 2882 1801 2959 imposito,
1834 2882 1895 2939 in
1922 2882 2247 2963 AEgyptum
2273 2894 2389 2945 Dio.

351 2978 670 3076 profanum,
705 2982 892 3040 totum
927 2997 992 3037 se
1033 2974 1372 3055 cleopatrae
1401 2984 1466 3035 et
1491 2976 1865 3057 voluptatum
1900 2978 2249 3059 turpitudini
2271 2990 2486 3057 Appiam.

335 3074 618 3135 -tmdidit,

438 3178 536 3230 15.
578 3170 904 3231 Consulum
925 3169 1140 3231 deinde
1167 3189 1377 3230 nomen
1396 3172 1517 3246 (vis
1537 3172 1695 3231 enim
1721 3192 1901 3253 penes
1924 3172 2251 3232 triumviros
2272 3186 2389 3235 Dio.

335 3270 512 3345 erat)
542 3264 660 3325 Cn.
699 3264 996 3325 Domitius
1033 3266 1126 3325 Μ.
1171 3265 1242 3325 F.
1282 3266 1574 3326 Calvinus
1612 3268 1847 3336 iterum,
1888 3266 1965 3335 C.
2002 3267 2253 3326 Asinius

339 3364 564 3424 -Pollio
602 3371 902 3441 gesserunt
925 3363 994 3421 ε*
1035 3362 1132 3421 hic
1174 3361 1454 3422 adversus
1479 3363 1726 3435 Caesari,
1752 3361 2029 3443 belloque
2057 3363 2248 3424 Peru·-

331 3461 482 3519 .sino
509 3459 830 3519 immixtus.
916 3458 1037 3519 Sed
1063 3468 1242 3539 pacta
1263 3456 1400 3520 ou‘m
1431 3459 1524 3519 M.
1551 3458 1825 3521 Antonio
1859 3461 2119 3522 nondum
2142 3480 2247 3521 au-

351 3556 536 3616 debat
563 3555 770 3615 Caesar
808 3555 1032 3615 violare
1056 3576 1070 3615 :
1115 3576 1304 3636 neque
1331 3556 1544 3617 referre
1569 3558 1841 3636 putabat,
1870 3577 2049 3638 penes
2072 3578 2247 3636 quem

351 3650 680 3731 appellatio
703 3650 960 3711 consulis
982 3660 1158 3723 esset,
1183 3672 1322 3713 oum
1346 3653 1470 3733 ipse
1497 3660 1667 3712 tanto
1682 3654 1815 3731 jam
1830 3660 2091 3733 tempore
2106 3672 2247 3713 con-

325 3746 542 3805 sulem
577 3748 637 3805 in
671 3746 975 3806 obsidione
1011 3748 1330 3807 habuisset.
1413 3747 1452 3806 J
1457 3768 1554 3809 am
1579 3750 1839 3827 asperior
1862 3748 2129 3827 quotidie
2156 3746 2245 3805 sa·
2305 3754 2519 3819 Appi-n.

331 3862 478 3902 -mes
518 3842 782 3901 obsessos
818 3842 1093 3901 Perusiae
1125 3843 1380 3921 experiri
1415 3844 1616 3901 omnia
1654 3842 1914 3901 remedia
1954 3848 2248 3918 coegerat.
2273 3836 2325 3885 P·
2340 3826 2456 3871 ⁶⁹¹·

353 3936 592 3999 Idcirco
616 3938 906 3998 sociorum
936 3937 1162 3997 auxilia
1187 3936 1410 3997 ultimis
1434 3939 1706 4018 precibus
1732 3937 2248 4001 obtestationibus·

349 4052 469 4114 que
493 4033 878 4103 solicitantes,
907 4032 1276 4112 perfecerunt
1301 4034 1388 4092 uti
1415 4042 1532 4092 tres
1553 4032 1758 4102 duces,
1785 4034 1886 4112 qui
1916 4041 2252 4114 repererant

935 4242 966 4272 ⁴·
997 4242 1153 4301 Am,
1177 4240 1374 4293 cais.
1413 4238 1667 4291 A.C.4o.

481 4321 660 4385 napa.
675 4326 722 4372 aa
752 4320 868 4374 Ver.
890 4323 1020 4376 σιω.
1337 4320 1522 4371 uvius.
2318 4326 2380 4372 ιο
2414 4322 2441 4371 1
