3159 4959
870 421 1071 470 mam
1122 420 1438 472 cxxxii.
1486 421 2130 472 surrnaunwruu.
2439 396 2620 469 5⁷18

396 574 553 637 rant,
578 572 983 650 camp-tatum
1026 571 1118 625 est
1135 585 1159 624 ε·
1196 585 1549 645 quanquam·
1564 563 1776 624 fraude
1813 564 2157 624 libertorum
2185 581 2292 622 ex-

396 664 647 722 citatum
670 675 809 720 esse·
820 661 1196 721 constitisset.
1266 659 1343 720 In
1379 660 1634 720 furorem
1663 679 1766 719 eos
1805 667 2009 737 egerat
2041 659 2294 717 tributo·

397 779 529 818 rum
564 757 878 828 acerbitas,
921 757 1081 836 quod
1119 758 1197 817 ab
1216 757 1499 816 ‘omnibus
1532 757 1646 816 boc
1681 767 1886 833 genus,
1913 756 2016 834 qui
2049 753 2291 832 quidem

401 852 645 914 Italiam
666 853 1011 929 incolerent,
1036 853 1251 932 quibus
1273 873 1367 912 res
1386 853 1816 932 quinquaginta
1839 851 2088 912 millium
2109 850 2291 912 dena-

396 950 613 1010 riorum
632 951 659 986 ⁴
698 957 803 1008 aut
841 969 914 1008 eo
956 947 1209 1028 amplior
1242 957 1418 1020 esset,
1450 956 1668 1008 octava
1691 967 1828 1027 pars
1852 946 2206 1006 facultatum
2229 945 2290 1008 in
2317 953 2579 1006 Plnt.Dio.‘
2622 943 2630 964 ‘

398 1053 679 1126 praesente
722 1046 977 1125 pecunia
1024 1045 1393 1122 exigebatur.
1474 1043 1792 1122 Tantaque
1838 1042 1968 1102 fuit·
1989 1042 2288 1102 hominum

395 1141 829 1221 importunitas,
866 1140 1121 1200 tumultu
1172 1140 1547 1219 caedibusque
1601 1148 1664 1199 et
1711 1139 1982 1200 incendio
2023 1157 2288 1217 grassan-

395 1238 565 1307 tium,
592 1246 661 1296 ut
690 1237 871 1295 armis
894 1255 1028 1294 eam
1054 1236 1309 1295 coerceri
1335 1244 1644 1315 oporteret.
1718 1233 1844 1294 Illa
1865 1233 2102 1294 demum
2124 1254 2290 1294 seve·

396 1331 539 1391 ritas
577 1339 643 1390 et
678 1333 787 1390 hos
826 1333 1189 1411 compressit,
1224 1339 1289 1390 et
1328 1332 1708 1409 ingenuorum
1743 1331 2027 1410 praevenit
2057 1339 2288 1390 motus:

395 1446 551 1504 segre
576 1426 899 1486 ferentibus
925 1425 1235 1506 plerisque,
1274 1425 1435 1504 quod
1470 1446 1550 1485 ex
1587 1425 1824 1506 praediis
1852 1425 2087 1485 Italicis
2109 1445 2288 1504 quar·
2313 1445 2578 1498 nmmo,

394 1529 516 1580 tam
542 1522 720 1580 annui
746 1529 1061 1601 proventus
1087 1521 1341 1602 pendere
1368 1522 1749 1598 cogebantur.

337 1607 345 1614 ’
474 1624 575 1678 25.
619 1617 714 1677 At
750 1617 977 1688 Caesar,
1016 1625 1085 1676 ut
1112 1619 1337 1676 hostem
1379 1617 1718 1697 inopinatus
1749 1616 2114 1696 percelleret,
2141 1635 2286 1678 non-

393 1713 535 1772 dum
560 1716 707 1773 mari
734 1712 1082 1790 navigabili,
1114 1713 1434 1774 Brundisio
1459 1721 1790 1792 provectus,
1809 1731 1944 1772 cum
1963 1712 2286 1793 Corcyram
2343 1707 2579 1784 Plan-zv.

394 1829 577 1888 usque
600 1809 876 1880 venisset,
901 1809 1347 1888 tempestatibus
1364 1817 1606 1869 coactus
1623 1807 1857 1880 cedere,
1873 1817 2028 1869 retro
2052 1827 2286 1872 cursum
2313 1775 2394 1822 ¹¹⁴
2429 1770 2547 1821 D⁸⁰⁰

395 1903 581 1964 flexit.
642 1903 803 1964 Vere
829 1903 1065 1963 demum
1090 1905 1300 1964 iterum
1324 1903 1543 1966 educta
1564 1905 1772 1964 classis
1799 1904 2046 1985 Epirum
2073 1906 2286 1976 tenuit,

391 2001 793 2081 expositisque
818 1999 1147 2078 legionibus
1170 2001 1254 2060 ibi
1281 2009 1477 2060 castra
1500 2001 1823 2070 metaturis,
1847 1999 1924 2058 ad
1953 1999 2287 2066 Leucadem

393 2097 665 2168 insulaun,
694 2097 1123 2176 Ambraciique
1146 2097 1309 2156 sinus
1324 2115 1545 2157 cornua
1564 2095 1852 2156 constitit.
1924 2093 2064 2155 Nec
2083 2112 2290 2156 occur.-

390 2193 468 2251 rit
488 2193 691 2252 statim
716 2192 1041 2263 Antonius,
1069 2193 1357 2270 remigum
1376 2192 1602 2270 inopia,
1622 2209 1758 2270 quoe
1777 2191 2068 2252 variarum
2095 2193 2288 2252 natio-

392 2309 531 2348 num
564 2288 875 2360 colluvies,
922 2307 1057 2348 cum
1085 2287 1294 2369 procul
1320 2289 1401 2346 ab
1426 2289 1776 2366 imperatore
1801 2287 2074 2366 hyemem
2099 2294 2287 2348 trans-

390 2387 627 2463 egisset,
656 2403 849 2463 neque
873 2392 1218 2444 exercuerat
1234 2403 1383 2455 sese,
1402 2392 1468 2443 et
1492 2384 1714 2444 morbis
1737 2391 1916 2462 atque
1944 2383 2286 2462 msfugiis

387 2480 711 2540 admodum
739 2480 1101 2542 decreverat.
2175 2507 2183 2514 ·

470 2582 569 2636 26.
614 2575 811 2654 Igitur
836 2577 931 2636 M.
950 2577 1247 2658 Agrippa,
1273 2597 1409 2638 cum
1434 2587 1603 2659 parte
1630 2578 1866 2638 navium
1893 2579 2224 2658 premissus
2249 2597 2288 2638 a
2341 2589 2484 2641 ores.
2504 2604 2574 2643 vr.

392 2670 651 2742 Coesare,
680 2671 919 2731 minime
940 2672 1349 2750 negligendam
1375 2674 1742 2733 occasionem
1767 2680 1947 2743 ratus,
1971 2673 2286 2734 observato
2309 2658 2390 2711 ¹⁹·

388 2769 784 2827 onerariarum
822 2767 1103 2840 adventu,
1132 2787 1273 2849 quae
1311 2769 1389 2828 ab
1416 2769 1680 2849 AEgypto
1711 2769 2008 2848 Syriaque
2043 2777 2106 2828 et
2130 2768 2286 2828 Asia

387 2881 521 2922 cum
546 2863 719 2922 armis
738 2871 917 2942 atque
934 2871 1266 2924 commeatu
1293 2863 1371 2922 ad
1398 2861 1730 2924 Antonium
1757 2863 2102 2936 tendebant,
2130 2864 2282 2922 mul-

388 2969 481 3018 tas
502 2959 799 3038 abripuit;
842 2966 907 3018 et
926 2957 1225 3038 plerisque
1240 2958 1393 3018 locis
1415 2960 1826 3018 exscensiones
1850 2958 2152 3031 faciundo,
2185 2979 2284 3020 ve·
2349 3005 2357 3012 .

386 3055 687 3114 hementer
712 3054 1091 3113 Antonianos
1113 3045 1443 3133 perterruit.
1528 3053 1684 3114 Mox
1711 3055 1770 3112 in
1807 3053 2282 3134 Peloponnesum
2307 3079 2427 3130 Dio.

334 3217 339 3225 ¹
388 3152 731 3231 irrumpens,
761 3149 1110 3220 Met-honen,
1150 3149 1459 3208 Messeniae
1497 3167 1614 3208 non
1654 3147 1950 3209 incelebre
1973 3150 2281 3229 oppidum,
2338 3142 2530 3198 Strabo,

386 3235 727 3326 quanquam
752 3245 1115 3305 validhsimo
1142 3243 1413 3324 praesidio
1440 3245 1756 3314 munitum,
1784 3247 1844 3301 in
1865 3243 2054 3302 oculis
2074 3244 2280 3304 adver·
2307 3209 2589 3322 vaano&
2591 3242 2606 3256 ⁰

386 3361 469 3402 ει».
490 3342 719 3413 classis,
744 3343 940 3415 sufflo
974 3339 1227 3420 appulsu
1256 3339 1440 3419 cepit,
1471 3338 1901 3417 Bogudemque
1934 3338 2018 3398 ibi
2045 3339 2280 3400 Mauri·
2305 3331 2419 3384 Dio.

387 3439 567 3498 taniae
592 3456 785 3515 regem
809 3436 1233 3516 deprehensum
1258 3433 1493 3494 occidit.

466 3540 567 3597 27.
594 3532 719 3592 His
738 3531 977 3604 auditis,
997 3530 1201 3590 Caesar
1220 3532 1279 3590 in
1296 3549 1461 3610 spem
1475 3537 1731 3600 erectus,
1746 3532 2062 3590 contractis
2083 3530 2276 3592 Brun-

385 3629 597 3702 disium
622 3636 857 3689 senatus
880 3636 1057 3707 atque
1080 3627 1367 3707 equestris
1390 3625 1610 3684 ordinis
1633 3624 2000 3703 primoribuS,
2029 3625 2182 3698 aliis,
2209 3637 2280 3686 ut

384 3725 593 3784 horum
616 3731 875 3784 uteretur
900 3740 1101 3802 opera,
1142 3721 1374 3792 ceteris,
1402 3739 1477 3780 ne
1502 3739 1596 3780 res
1619 3719 1854 3779 interim
1893 3740 2076 3780 novas
2115 3722 2276 3782 domi

385 3818 743 3891 molirentur,
790 3818 867 3878 ad
905 3817 1389 3896 transjiciendum
1424 3815 1628 3874 omnia
1649 3815 2054 3894 comparabat,
2080 3824 2274 3894 osten·

384 3927 517 3977 tans
542 3935 661 3976 una
682 3933 879 3975 secum
898 3913 1136 3984 sentire,
1157 3909 1442 3992 quicquid
1469 3910 1529 3969 in
1558 3908 1730 3970 Urbe
1751 3908 2080 3970 nobilitatis
2103 3921 2270 3970 esset.

438 4144 472 4180 Δ
504 4146 867 4209 &fito-⁶85¹&
903 4141 1105 4196 millium
1139 4139 1461 4203 denudarem]
1492 4139 1790 4190 Mammea
1831 4139 2036 4202 argenti
2071 4147 2270 4191 nostra-

388 4210 519 4260 tium
540 4213 653 4262 781.
676 4211 939 4262 unciarum
961 4211 1011 4258 2.
1054 4207 1193 4254 Cres.
