3159 4959
902 408 1108 457 ιιιιιιι
1155 406 1412 457 oxxn.
1457 402 2099 459 surrnssuunruu.
2426 390 2599 459 5601

388 549 578 609 tribus
623 568 756 609 cum
801 548 930 628 ipso
974 550 1218 627 remigio
1261 550 1472 629 captis,
1517 558 1731 609 ceterae
1773 550 1931 611 male
1974 550 2277 611 mulctntae

391 644 672 705 Rhodum
723 643 1077 722 refugerunt.
1188 644 1374 705 Hanc
1436 664 1693 724 pugnam
1746 664 1825 705 ex
1884 648 2277 725 promontorio

387 739 674 819 spectavit
718 737 978 809 Cassius,
1023 759 1211 819 neque
1255 748 1514 799 moronis
1553 739 1799 809 diutius,
1840 760 2021 819 quam
2062 740 2141 799 ad
2182 760 2275 799 re·

387 834 671 895 ficieudas
717 855 898 895 naves
947 856 1094 914 opus
1143 845 1292 904 eret,
1346 834 1603 914 Loryma
1656 837 1847 915 petiit,
1902 835 2273 895 Rhodiorum

385 929 694 990 castellum
757 930 1088 1011 oppositum
1155 930 1379 990 insulae.
1493 928 1645 989 Inde
1713 930 2009 1010 pedestres
2070 930 2275 1009 copias

385 1026 666 1087 onerariis
702 1027 949 1086 navibus
989 1026 1312 1105 transjecit,
1348 1024 1601 1085 ducibus
1638 1024 1863 1085 Fannio
1896 1034 1959 1084 et
1998 1024 2271 1084 Lentulo.

387 1118 528 1199 Ipse
595 1120 836 1181 Cassius
883 1121 942 1179 iu
993 1140 1174 1181 naves
1223 1141 1286 1179 se
1336 1119 1611 1189 contulit,
1666 1128 1731 1179 ut
1796 1128 1951 1179 terra
2010 1121 2273 1200 marique
2328 1140 2561 1193 omar.

388 1214 640 1277 Rhodus
677 1225 1132 1297 oppugnaretur.
2302 1210 2378 1255 ¹⁸·

405 1356 417 1365 .
467 1318 572 1373 19.
613 1310 838 1390 Neque
874 1311 1064 1371 defuit
1095 1312 1184 1371 bis
1212 1310 1466 1372 audacia
1493 1312 1697 1371 iterum
1724 1310 2018 1371 tentandae
2040 1330 2275 1389 pugnae,
2299 1332 2507 1398 Appia.

386 1425 724 1486 quanquam
773 1407 954 1466 semel
995 1409 1124 1485 jam
1169 1409 1448 1487 superati,
1494 1428 1631 1467 cum
1674 1407 1860 1467 multo
1904 1408 2275 1487 paucioribus

385 1500 634 1580 navigiis
682 1502 958 1563 adversus
1005 1504 1302 1581 octoginta
1351 1512 1627 1563 rostratas
1674 1503 2036 1563 dimicarent.
2148 1501 2271 1563 Sed
2296 1509 2414 1560 Dio.
2454 1510 2557 1575 Ap-

383 1604 508 1655 tum
553 1616 788 1676 quoque
836 1598 974 1657 victi
1023 1606 1182 1667 sunt,
1225 1598 1568 1677 duabusque
1618 1599 1869 1657 navibus
1918 1598 2143 1657 amissis
2190 1597 2269 1657 ad
2294 1588 2427 1637 ΡΜ·

385 1692 586 1752 urbem
621 1693 932 1772 compulsi,
981 1694 1076 1771 cuj
1085 1714 1150 1753 us
1195 1694 1406 1753 moenia
1457 1714 1597 1753 mox
1652 1694 1892 1755 armatis
1936 1691 2269 1772 compleve-

382 1796 539 1857 runt,
565 1786 820 1866 undique
859 1799 1306 1869 propugnantes.
1391 1788 1560 1847 Nam
1596 1797 1658 1847 et
1690 1810 1729 1848 a
1761 1790 1909 1847 mari
1934 1798 2118 1847 turres
2156 1787 2271 1867 pli-

382 1882 588 1943 catiles
621 1885 870 1944 navibus
907 1884 1172 1945 advectae
1197 1885 1587 1962 erigebantur.
1672 1884 1819 1943 Hoc
1844 1892 2085 1953 terrore,
2112 1883 2271 1964 quod

383 1978 442 2037 in
477 1980 720 2039 civitate
753 2000 958 2041 sanum
983 1989 1134 2051 erat,
1159 1980 1459 2060 colloquia
1481 2000 1617 2040 cum
1646 1980 1877 2041 Fannio
1902 1978 2271 2058 Lentuloque

380 2072 458 2139 de
491 2092 636 2154 pace
669 2075 1003 2144 habebant3
1046 2096 1178 2136 cum
1215 2077 1408 2137 subito
1444 2084 1789 2156 conspectus
1822 2084 1909 2136 est
1946 2077 2005 2135 in
2048 2075 2271 2155 oppido

383 2169 642 2241 Cassius,
667 2190 858 2249 neque
900 2171 1078 2231 scalis
1115 2180 1388 2251 superato
1423 2190 1611 2239 muro,
1639 2190 1827 2248 neque
1870 2169 1995 2229 ulla
2024 2179 2273 2229 externa

377 2269 442 2327 vi
491 2266 776 2325 adhibita.
876 2266 1174 2325 Reclusas
1217 2267 1296 2325 ab
1341 2266 1544 2324 amicis
1586 2266 1717 2342 ejus
1758 2273 1821 2323 et
1860 2262 2273 2324 educatoribus

379 2360 669 2439 portula,
702 2379 836 2438 quae
875 2360 1076 2419 multae
1115 2360 1176 2419 in
1211 2358 1494 2419 moenibus
1533 2366 1725 2427 erant,
1754 2356 2034 2428 creditur,
2060 2358 2268 2419 timen-

377 2456 560 2526 tibus,
595 2474 670 2513 ue
707 2454 766 2514 vi
801 2462 980 2535 capta
1016 2453 1272 2515 Rhodus
1304 2454 1538 2514 omnino
1571 2452 1916 2513 dirueretur.

455 2556 558 2611 20.
609 2549 732 2611 Sed
783 2551 908 2631 ipse
956 2556 1236 2629 tanquam
1287 2550 1412 2609 sine
1461 2550 1811 2629 exceptione
1861 2549 2075 2620 victor.
2128 2549 2269 2611 licet
2286 2574 2420 2625 Plut.
2442 2574 2583 2625 Brut.

377 2654 396 2681 ‘
425 2666 624 2726 regem
671 2654 734 2704 et
778 2644 1112 2705 dominum'
1165 2643 1619 2725 appellantibus,
1670 2654 1688 2681 ‘
1718 2662 1909 2723 neque
1963 2663 2159 2721 regem
2200 2666 2265 2706 se

375 2760 568 2819 neque
607 2740 908 2803 dominum
947 2760 1094 2812 esse,
1136 2741 1239 2800 sed
1285 2739 1713 2801 interfectorem
1752 2740 1903 2817 regis
1940 2748 2116 2819 atque
2154 2740 2263 2801 do-
2287 2751 2499 2817 Appius.

379 2836 562 2905 mini,’
621 2836 1032 2916 respondisset,
1081 2835 1254 2895 basta
1295 2836 1408 2895 sub
1455 2834 1738 2895 tribunali
1782 2835 2083 2913 proposita
2122 2853 2263 2893 con-

375 2930 563 2991 sedit:
613 2931 924 2993 interdicto
971 2950 1170 2991 severe
1223 2930 1530 3000 militibus,
1573 2942 1591 2967 ‘
1624 2951 1699 2991 ue
1748 2929 1879 3009 quis
1925 2930 2267 3009 corporibus

377 3036 482 3091 aut
515 3028 688 3111 rebus
729 3026 1100 3088 Rhodiorum
1139 3027 1409 3104 injiceret
1445 3026 1724 3085 manum.’
1804 3025 1901 3084 At
1933 3026 2057 3105 ipse
2094 3027 2263 3104 quin-

375 3125 658 3203 quaginta
693 3123 1036 3183 nominatim
1069 3122 1302 3192 citatos,
1328 3142 1408 3181 ex
1443 3121 1781 3181 auctoribus
1812 3120 1959 3179 belli
1985 3119 2262 3191 Rhodiis,

373 3218 512 3281 duci
549 3219 628 3279 ad
665 3218 1018 3299 supplicium
1033 3219 1246 3296 jussit:
1287 3218 1546 3297 quinque
1571 3225 1633 3276 et
1656 3216 1888 3294 viginti,
1914 3235 2063 3294 quos
2086 3234 2263 3294 nega-

373 3316 520 3376 bant
565 3334 924 3395 corupmere,
973 3314 1274 3373 damnavit
1321 3311 1548 3373 exilio:
1603 3310 1913 3391 pecuniam
1960 3310 2267 3391 publicam·

371 3424 602 3471 omnem
654 3410 732 3471 ad
785 3431 846 3469 se
897 3412 1248 3490 comportari
1305 3409 1602 3490 praecepit,
1654 3429 1729 3468 ne
1778 3428 1946 3469 sacra
1996 3409 2257 3488 quidem,

371 3515 434 3567 et
470 3505 730 3568 donariis
778 3504 974 3567 Deum
1015 3505 1342 3565 abstinens.
1397 3504 1818 3582 orantibusque
1859 3503 2139 3573 Rhodiis,
2182 3524 2257 3563 ue
2281 3528 2399 3577 Dio.

371 3599 596 3661 eunctis
641 3602 939 3661 numinum
983 3600 1304 3661 simulacris
1346 3599 1760 3679 spoliarentur,
1806 3597 2055 3659 ‘Solem
2108 3620 2145 3659 n
2194 3620 2257 3660 se
2280 3592 2495 3707 011311321‘·

369 3696 651 3777 relinqui’
689 3696 1018 3777 respondit.
1069 3698 1354 3759 intactum
1393 3698 1548 3756 enim
1588 3696 1735 3755 nibil
1778 3705 1987 3777 proeter
2024 3715 2257 3756 currum
2312 3719 2423 3770 v„
2439 3720 2579 3773 Mu,

368 3794 500 3871 ejus
545 3791 668 3853 Dei
709 3796 942 3854 siverat.
1041 3792 1162 3855 Sed
1202 3813 1276 3853 ea
1315 3810 1436 3853 vox
1476 3794 1740 3853 ominosa
1780 3792 1958 3872 paulo
1998 3800 2129 3869 post
2168 3799 2259 3851 est
2278 3788 2394 3896 αὖ·

367 3889 592 3962 habita,
629 3898 910 3969 tanquam
941 3888 1210 3948 celeriter
1246 3888 1381 3947 luce
1416 3887 1734 3947 cariturum
1775 3886 2189 3964 proesagientis.
2278 3909 2390 3962 v„
2412 3912 2555 3966 Max

445 3991 545 4044 21.
587 3984 712 4044 Sed
749 3994 816 4045 et
845 3984 1105 4043 edictum
1137 3982 1462 4062 proposuit,
1501 3982 1627 4041 ‘uti
1664 3981 1825 4061 quod
1858 3980 2103 4060 quisque
2140 3982 2255 4059 pri·
2295 4008 2435 4058 pm,
2467 4008 2573 4076 Ap,

369 4080 549 4143 vatim
592 4082 718 4141 auri
761 4080 1062 4159 argentive
1097 4076 1438 4159 possideret,
1477 4078 1631 4137 intra
1665 4075 1887 4137 dictam
1927 4075 2083 4139 diem
2118 4100 2249 4189 pro-
2275 4088 2325 4139 1³¹
2312 4088 2409 4123 ¹⁸¹¹·

366 4175 585 4249 ferret}
633 4186 820 4239 morte
865 4176 1192 4238 celantibus
1232 4172 1599 4247 denuntiata,
1640 4173 1929 4235 iudicibus
1972 4177 2253 4255 promisso
