3159 4959
946 438 1297 492 nnrronss
1344 436 1741 489 munorum
1797 442 2010 490 mvn.
2398 420 2570 491 5921

376 584 825 661 caerimonias,
865 602 907 649 a
940 584 1175 649 Numa
1210 583 1579 658 institutas,
1623 582 1990 649 renovavit.
2081 582 2344 649 Latinis
2373 586 2572 651 victis

378 697 445 753 et
472 688 559 753 ad
589 687 927 752 civitatem
952 687 1190 751 ascitis
1220 692 1510 749 montem
1530 684 1938 748 Aventinum
1955 685 2346 767 assignavit.
2391 684 2578 751 Poli-

378 792 640 867 torium,
696 793 917 854 urbem
978 790 1400 861 Latinorum,
1455 787 1627 849 bello
1683 788 2058 869 repetitam,
2112 806 2314 871 quam
2367 788 2572 871 prisci

377 891 605 955 Latini
648 895 1163 972 occupaverant,
1199 874 1435 951 diruit.
1528 888 1818 957 Pontem
1866 887 2222 951 sublicium
2261 890 2330 952 in
2375 888 2575 953 Tibe-

376 994 497 1055 rim
531 993 711 1057 fecit.
798 989 1187 1055 Janiculum
1219 987 1465 1053 collem
1510 988 1680 1052 Urbi
1711 988 1984 1053 addidit.
2077 989 2282 1053 Fines
2311 990 2574 1073 imperii

374 1094 671 1177 protulit.
759 1091 1027 1156 Ostiam
1072 1090 1394 1153 condidit.
1482 1088 1818 1171 Regnavit
1867 1109 2077 1155 annos
2127 1092 2356 1171 viginti
2407 1108 2574 1173 qua-

376 1192 575 1257 tuor-⁶
666 1192 769 1257 Eo
801 1198 1135 1272 regnante,
1164 1191 1489 1269 Lucumo,
1521 1192 1906 1257 Damarati⁷
1939 1192 2271 1257 Corinthii
2293 1193 2498 1268 filius,
2531 1208 2574 1253 a

374 1295 779 1376 Tarquiniis,
824 1293 1105 1357 Etruriae
1150 1292 1450 1370 civitate,
1496 1292 1787 1357 Romam
1841 1294 2056 1375 venit3
2113 1300 2201 1370 et,
2245 1296 2312 1357 in
2343 1294 2574 1357 amici-

378 1394 545 1457 tiam
578 1392 752 1457 Auci
780 1400 1113 1476 receptae,
1160 1392 1514 1475 Tarquinii
1560 1413 1796 1458 nomen
1841 1394 2006 1458 ferre
2035 1396 2280 1476 coepit3
2313 1400 2384 1457 et
2414 1402 2572 1476 post

378 1501 650 1559 mortem
704 1494 880 1559 Anci
918 1514 1209 1577 ‚regnum
1262 1496 1554 1578 excepit.
1663 1493 1941 1559 Centum
1989 1494 2260 1571 additis,
2305 1501 2573 1577 patrum

378 1614 717 1661 numerum
754 1596 973 1659 auxit.
1059 1594 1339 1659 Latinos
1370 1596 1656 1677 subegit,
1685 1596 1938 1659 circum
1961 1594 2352 1677 designavit,
2373 1594 2573 1659 ludos

379 1694 611 1759 edidit.
698 1695 1097 1759 Sabinorum
1130 1696 1305 1759 bello
1338 1698 1588 1779 petitus
1610 1698 1904 1779 equitum
1937 1699 2268 1761 centurias
2291 1695 2572 1779 amplia-

376 1799 491 1861 vit.
576 1796 943 1863 Tentandae
973 1798 1279 1863 scientiae
1311 1798 1561 1863 causa⁸
1606 1798 1756 1863 Atti
1803 1796 2015 1862 Navii
2055 1798 2370 1880 auguriS,·
2411 1816 2571 1861 con-

378 1898 665 1961 suluisse
693 1898 919 1977 fertur,
967 1919 1053 1965 an
1092 1901 1185 1977 id,
1224 1900 1309 1965 de
1344 1921 1478 1983 quo
1507 1902 1853 1981 cogitaret,
1884 1898 2054 1963 effici
2091 1906 2358 1981 posset:
2391 1900 2572 1981 quod

379 2017 531 2063 cum
571 1998 689 2064 ille
732 2000 877 2065 fieri
920 2020 1131 2082 posse
1180 2002 1664 2083 respondisset,
1696 2000 1994 2083 jussisse
2033 2019 2184 2062 eum
2239 2001 2573 2064 novacula

378 2108 595 2165 cotem
624 2101 1031 2184 praecider03
1078 2102 1282 2185 idque
1321 2104 1628 2185 protinus
1657 2102 1746 2165 ab
1780 2101 1948 2165 Atto
1967 2109 1996 2151 ⁹
2023 2100 2291 2165 sactum.
2379 2099 2573 2163 Sabi-

376 2220 499 2268 nos
525 2212 847 2287 praeterea
893 2206 1039 2269 acie
1070 2206 1255 2280 vicit,
1289 2203 1541 2269 Urbem
1572 2222 1758 2269 muro
1791 2200 2254 2278 circumdedit,
2298 2200 2570 2265 cloacas

376 2304 557 2369 fecit.
644 2304 937 2369 Occisus
966 2315 1070 2370 est
1100 2308 1188 2371 ab
1215 2305 1389 2373 Anci
1437 2305 1619 2382 filiis,
1671 2326 1818 2369 cum
1850 2310 2188 2387 regnasset
2219 2321 2428 2367 annos
2459 2303 2573 2366 tri-

384 2404 571 2483 ginta
614 2410 851 2470 octo.¹0
936 2408 1279 2471 Successit
1326 2408 1387 2469 ei
1432 2407 1580 2471 Ser.
1614 2406 1908 2481 Tullius,
1953 2408 2148 2469 natus
2181 2421 2272 2465 ex
2299 2403 2572 2486 captiva

380 2505 589 2569 nobili
620 2506 1109 2587 Corniculana3
1154 2508 1268 2573 cui
1317 2526 1547 2591 puero,
1595 2506 1812 2571 adhuc
1841 2506 1912 2568 in
1945 2504 2134 2568 cunis
2165 2504 2422 2586 posito,
2455 2522 2570 2568 ca·-

378 2614 501 2689 put
550 2608 797 2673 arsisse
830 2610 1143 2674 traditum
1198 2616 1326 2675 est.
1416 2608 1744 2672 Veientes
1786 2616 1986 2690 atque
2025 2606 2352 2669 Etruscos
2399 2624 2570 2687 prae-

377 2707 473 2772 lio
504 2708 700 2773 fudit.
792 2708 1079 2775 Censum
1111 2710 1430 2794 primus¹¹
1464 2710 1626 2791 egit.
1713 2707 2024 2771 Lustrum
2075 2704 2396 2783 condidit,
2435 2724 2570 2789 quo

379 2809 631 2874 civium
662 2812 888 2893 capita
909 2818 961 2849 ¹²
993 2830 1195 2875 censa
1223 2811 1569 2893 octoginta
1590 2808 1801 2873 millia
1822 2826 1972 2871 esse
2003 2806 2332 2871 dicuntur.
2380 2805 2572 2871 Clas·

379 2928 489 2973 ses
530 2914 992 2994 centuriasque
1036 2912 1404 2993 descripsit.
1494 2911 1900 2975 Pomoerium
1955 2906 2252 2990 protulit.
2340 2907 2570 2973 Colles

383 3008 574 3089 Urbi,
596 3009 1033 3088 Quirinalem,
1053 3011 1482 3085 Viminalem,
1502 3010 2060 3092 Esquilinamque
2077 3007 2343 3089 adjecit.
2371 3008 2574 3071 Tem-

381 3110 567 3193 plum
591 3110 830 3175 Dianae
859 3132 1011 3179 cum
1044 3112 1299 3176 Latinis
1327 3113 1391 3175 in
1421 3107 1755 3176 Aventino
1775 3109 1955 3175 fecit.
2045 3104 2444 3174 Interfectus
2465 3110 2572 3173 est

378 3230 427 3275 a
454 3212 533 3278 1..
564 3211 956 3297 Tarquinio,
990 3212 1212 3279 Prisci
1241 3214 1406 3292 filio,
1438 3213 1719 3277 consilio
1756 3212 1918 3277 filiae
1948 3204 2094 3274 suae
2119 3210 2568 3289 Tulliae,=cum

446 3420 470 3444 ⁰
490 3413 573 3463 Aa
594 3414 929 3479 experiendam
950 3416 1153 3479 augum
1170 3416 1301 3467 Attin·
1324 3414 1489 3465 Necti
1509 3416 1749 3478 peritiam.

382 3682 598 3749 Doujut.
642 3688 793 3736 Crev.
835 3690 1134 3739 δεῖσαι-6
1174 3690 1398 3753 Triginta
1430 3700 1527 3741 tren
1571 3692 1736 3740 Gron.
1775 3688 1930 3737 Crev.
1995 3689 2134 3739 Ante
2174 3690 2354 3750 Sigou-
2384 3684 2568 3752 panim

379 3752 635 3811 edebatur
673 3751 859 3801 onim
901 3755 1127 3803 condidit.
1210 3756 1499 3817 Tarquinius
1546 3754 1747 3803 Priscus
1783 3753 1838 3801 in
1873 3752 2001 3802 Anci
2049 3753 2309 3802 amicitiam
2340 3759 2570 3815 receptus.

386 3816 589 3865 Centum
608 3814 897 3865 additia—⁷
933 3818 1221 3867 Demarati
1253 3820 1506 3869 Crem-8
1540 3820 1555 3847 ‘
1576 3818 1720 3867 vett.
1748 3816 1872 3865 libb.
1896 3816 2035 3882 apud
2057 3818 2232 3877 Sigon.
2257 3822 2570 3879 praeponunt

254 3906 261 3913 ·
382 3880 622 3929 calamae
656 3880 865 3927 verbum
898 3880 1087 3929 hice-9
1118 3880 1187 3929 Τὰ
1216 3881 1277 3930 ab
1318 3884 1437 3931 Atto
1482 3883 1672 3931 absunt
1715 3882 1780 3929 ab
1813 3880 1932 3930 edd.
1969 3889 2091 3930 ante
2129 3880 2305 3942 Sigon.
2339 3886 2394 3929 et
2429 3882 2568 3943 apud

382 3943 550 3993 Gron.
572 3943 788 4006 Doujat.
810 3944 965 3993 Crem
987 3944 1175 4007 legitur
1196 3946 1256 3993 ab
1275 3945 1563 3995 Auia—lo
1601 3946 1737 3993 Ante
1758 3946 1935 4005 Sigon.
1955 3945 2205 3993 edebatur
2231 3944 2573 4003 Cloaoussecit·

382 4008 581 4057 Seruius
606 4008 791 4056 Tuum
812 4013 955 4056 natu
984 4024 1047 4057 ex
1066 4009 1255 4072 captiva
1280 4010 1616 4064 Corniculum,
1639 4010 1714 4058 cui
1740 4023 1888 4070 puero
1907 4009 1960 4057 in
1995 4010 2128 4057 mis
2159 4008 2310 4071 ponito
2331 4012 2470 4069 eaput
2489 4022 2572 4056 ar-

380 4071 497 4121 uim
518 4072 750 4120 traditum
769 4077 856 4120 est.
900 4072 1131 4132 Veientes,
1154 4076 1235 4137 qv.
1276 4074 1450 4122 Verbo
1480 4074 1700 4125 Veientes
1721 4079 2029 4135 praeponunt
2049 4070 2094 4120 in'
2116 4072 2268 4121 Crev.
2289 4079 2343 4120 et
2367 4072 2568 4121 Stroth.

381 4140 507 4185 -11
548 4135 775 4184 Omnium
817 4136 939 4186 add.
984 4136 1217 4187 Gronov.
1262 4138 1475 4200 Donjat.
1532 4138 1821 4186 Crem—12
1869 4137 2059 4185 Civium
2097 4136 2255 4199 capitu
2287 4135 2391 4185 del.
2434 4134 2564 4185 eoed.

384 4198 577 4250 Omnia
600 4201 760 4251 verba
795 4201 933 4251 inter
970 4202 1181 4251 condidit
1216 4210 1271 4251 et
1303 4204 1472 4253 classen
1493 4201 1736 4252 delentur
1768 4201 1922 4252 etiam
1954 4201 2008 4251 in
2041 4200 2162 4251 edd.
2184 4206 2306 4251 ante
2325 4200 2568 4265 Sigon.—
