3159 4959
857 433 1064 482 mam
1113 431 1461 482 cxxxiii.
1506 431 2149 484 surrnsnnu'run.
2438 417 2614 481 5735

476 580 578 633 13.
621 573 775 633 Tum
802 575 1010 634 iterum
1038 576 1213 654 priori
1252 573 1505 634 tristitiae
1544 573 1810 633 redditus
1832 573 2152 642 Antonius,
2179 574 2282 632 tri-

396 669 577 728 duum
604 671 763 730 solus
790 672 991 749 exegit
1016 673 1075 730 in
1112 691 1303 751 prora,
1330 673 1453 730 sive
1489 671 1746 731 offensus
1775 670 2132 750 Cleopatrae,
2159 672 2282 730 sive

392 765 617 843 pudore
644 768 835 826 visum
859 766 1325 844 subterfugiens:
1369 767 1559 827 donec
1596 767 1672 826 ad
1702 766 2016 825 Taenarum
2051 785 2281 845 proces·
2307 771 2422 819 Dio·
2442 769 2573 820 Plut.

390 881 521 919 sum
544 871 650 921 est.
734 861 835 921 Ibi
872 862 1105 921 demum
1142 882 1321 942 opera
1360 863 1670 921 mulierum
1709 861 2030 940 colloquio,
2055 871 2118 921 et
2143 883 2282 922 mox

392 976 604 1016 mensae
652 959 925 1036 lectoque
964 961 1263 1017 communi
1307 958 1530 1018 admoti
1562 968 1716 1017 sunt.
1799 957 1936 1016 Jam
1964 959 2284 1018 amicorum

392 1053 655 1112 nonnulli
681 1073 817 1113 cum
844 1054 1121 1112 onerariis
1162 1052 1365 1112 multis
1408 1054 1486 1112 ad
1525 1074 1662 1112 eum
1703 1039 2109 1132 pervenerant,
2137 1055 2287 1112 mari

390 1167 479 1204 res
494 1148 775 1227 perditas,
796 1148 1124 1227 pedestrem
1142 1149 1465 1207 exercitum
1490 1151 1546 1206 in
1570 1147 1761 1207 officio
1786 1167 1910 1207 esse
1931 1149 2284 1208 nuntiantes.

394 1241 594 1301 Missis
630 1245 825 1320 igitur,
860 1245 962 1322 qui
1006 1243 1327 1302 Canidiam
1370 1263 1505 1302 cum
1550 1243 1880 1320 legionibus
1912 1252 1971 1301 et
2014 1244 2281 1322 equitatu

391 1357 494 1416 per
541 1339 959 1398 Macedoniam
1002 1339 1063 1396 in
1108 1338 1322 1397 Asiam
1361 1358 1674 1417 properare
1706 1339 2023 1416 juberent:
2068 1358 2280 1398 navem

392 1433 581 1492 multa
606 1436 859 1513 pecunia
885 1434 1159 1512 regioque
1200 1435 1583 1492 instrumento
1620 1443 1888 1493 onustam
1924 1436 2074 1494 inter
2100 1455 2162 1493 se
2188 1435 2281 1494 di-

391 1529 591 1588 videre
619 1530 839 1588 amicos
853 1531 1053 1606 jussit,
1090 1530 1385 1608 salutique
1420 1550 1542 1590 suae
1578 1531 1927 1610 prospicere.
2009 1528 2150 1590 Nec
2177 1532 2280 1590 de-

388 1625 489 1683 siit
524 1627 876 1694 restitantes,
903 1625 1131 1696 fientes,
1174 1626 1389 1685 solatia
1427 1635 1489 1686 et
1528 1646 1732 1705 preces
1773 1628 2044 1696 miscens,
2074 1647 2278 1704 urgere

388 1720 574 1780 donec
620 1720 1029 1780 discederent:
1074 1741 1290 1800 eosque
1337 1721 1695 1800 Theophilo,
1743 1723 2104 1800 procuratori
2145 1742 2276 1792 su0,

389 1819 489 1896 qui
532 1817 800 1877 Corinthi
843 1826 1219 1888 remanserat,
1255 1817 1711 1887 commendavit,
1751 1825 1819 1876 ut
1853 1837 1953 1876 eos
1991 1818 2280 1896 tantisper

388 1913 797 1982 absconderet,
822 1913 1014 1971 donec
1040 1913 1321 1992 placandi
1350 1912 1602 1972 caesaris
1627 1913 1975 1990 reperissent
1999 1913 2179 1971 viam.

470 2015 567 2068 14.
613 2008 811 2068 Pauci
854 2008 1069 2086 fugisse
1097 2009 1427 2067 Antonium
1472 2017 1804 2067 senserant:
1863 2027 2054 2084 neque
2099 2006 2278 2066 facile

386 2114 514 2165 erat
537 2105 771 2164 credere
798 2115 1053 2164 veterem
1086 2106 1514 2184 imperatorem,
1557 2112 1620 2162 et
1643 2104 1803 2162 vices
1827 2101 2076 2161 fortunae
2115 2101 2276 2161 baud

388 2201 565 2260 semel
608 2211 939 2282 expertum,
985 2201 1203 2260 relictis
1242 2200 1480 2278 integris
1518 2198 1844 2276 legionibus
1887 2198 2274 2276 undeviginti,

388 2296 651 2356 millibus
682 2299 946 2376 equitum
982 2296 1317 2366 duodecim,
1346 2295 1418 2354 in'
1441 2296 1585 2373 fuga
1611 2293 1938 2375 praesidium
1965 2315 2276 2373 arcemque

292 2443 301 2451 .
386 2391 593 2453 salutis
608 2393 951 2452 collocasse.
1025 2392 1253 2451 Milites
1276 2401 1435 2451 certe
1462 2390 1752 2450 desiderio
1777 2399 1842 2450 et
1863 2392 2278 2468 expectatione

385 2491 537 2565 ejus,
562 2489 743 2546 etiam
786 2495 1093 2568 postquam
1138 2488 1327 2546 abisse
1372 2507 1507 2546 eum
1548 2487 1867 2566 pernotuit,
1903 2505 2007 2564 per
2053 2493 2278 2565 septem

386 2583 514 2642 dies
540 2582 907 2642 conditiones
933 2604 970 2641 a
996 2583 1233 2642 Caesare
1270 2581 1505 2641 oblatas
1540 2589 1915 2640 recusarunt:
1957 2578 2146 2638 donec
2173 2599 2279 2659 pro

391 2678 681 2746 Antoni0,
710 2699 857 2756 quos
880 2677 1139 2735 diximus
1175 2677 1251 2734 ab
1278 2679 1389 2735 eo³
1418 2677 1626 2736 missos
1660 2675 1972 2744 affuerunt,
2001 2675 2282 2734 maturari

388 2773 588 2855 fugam
634 2773 1057 2853 praecipientes.
1138 2772 1297 2858 Tum·
1338 2772 1575 2851 quidem
1619 2781 1854 2830 moestus
1891 2780 1951 2830 et
1985 2771 2280 2830 subiratus

384 2869 722 2947 imperatori
758 2868 927 2927 miles
953 2867 1288 2926 efferentem
1312 2869 1481 2945 signa
1510 2866 1828 2927 Canidium
1855 2865 2279 2944 aliquantisper

386 2976 641 3035 secutus,
666 2965 767 3023 ubi
804 2971 1001 3023 castra
1040 2983 1169 3033 sua,
1209 2964 1265 3021 in
1303 2961 1520 3041 quibus
1554 2963 1730 3041 pauci
1771 2971 2187 3031 remanserant,
2217 2963 2276 3019 in
2303 2980 2417 3028 Dio.

384 3069 674 3140 potestate
704 3059 957 3119 Caesaris
983 3079 1109 3117 esse
1138 3057 1369 3126 didicit,
1396 3067 1457 3116 et
1478 3056 1784 3124 Canidius,
1819 3075 1954 3113 suos
1977 3055 2136 3114 haud
2165 3056 2274 3113 mi·
2305 3077 2430 3127 vffl⁴
2449 3081 2600 3128 11.85.

388 3177 495 3216 nus
533 3176 712 3237 quam
753 3156 980 3213 hostem
1014 3162 1298 3222 metuens,
1342 3161 1628 3211 nocturna
1679 3150 1818 3228 fuga
1869 3171 1931 3209 se
1973 3151 2275 3228 proripuit,
2301 3141 2433 3193 Plut.

388 3255 553 3332 inops
595 3251 877 3320 omnium,
930 3250 1055 3308 sine
1097 3250 1364 3328 imperio,
1416 3249 1539 3306 sine
1589 3253 1920 3306 commeatu
1961 3245 2168 3304 victori
2213 3265 2276 3304 se
2300 3263 2415 3313 Dio.

386 3350 534 3408 citra
558 3345 827 3428 praelium
854 3345 1132 3425 permisit.
1216 3343 1439 3422 Neque
1476 3345 1668 3419 major
1695 3340 1880 3399 moles
1905 3340 1963 3397 in
1990 3341 2274 3419 recipien-

385 3445 479 3503 dis
501 3443 747 3502 Antonii
774 3441 945 3500 sociis
968 3441 1095 3500 fuit.
1142 3439 1401 3498 Domum
1422 3439 1505 3498 ab
1526 3437 1764 3497 infelice
1792 3435 1994 3515 praelio
2011 3436 2274 3513 regressi,

386 3540 533 3599 nihil
560 3547 869 3598 moverunt
891 3547 1119 3618 postea,
1148 3536 1251 3595 sed
1278 3537 1335 3594 in
1364 3535 1541 3594 fidem
1578 3540 2046 3614 potestatemque
2073 3532 2270 3590 Caesa-

386 3637 484 3704 ris,
522 3635 625 3694 alii
651 3635 872 3703 statim,
900 3631 1143 3711 quidam
1182 3631 1341 3690 haud
1378 3629 1563 3689 multo
1602 3628 1738 3688 inde
1775 3636 2034 3708 tempore
2069 3647 2132 3686 se
2168 3627 2272 3686 de-

385 3731 679 3790 diderunt.

470 3835 567 3886 15.
605 3827 807 3887 Caesar
844 3825 1093 3884 victoria
1132 3842 1409 3902 perquam
1443 3821 1760 3881 clementer
1793 3838 1930 3878 usus
1963 3826 2072 3888 est,
2115 3819 2274 3894 inge·
2302 3825 2598 3874 Venanso.

390 3926 561 3982 nione
584 3942 713 3990 suo,
755 3941 830 3979 an
869 3930 938 3977 ut
962 3919 1287 3977 Antonium
1330 3923 1598 3976 oneraret
1629 3913 1856 3973 invidia
1889 3933 2113 3983 eorum,
2140 3933 2272 3992 quoe

388 4021 507 4080 duo
544 4027 675 4100 post
708 4017 1105 4076 Mutinensem
1138 4023 1315 4093 atque
1357 4011 1765 4090 Philippicam
1793 4010 2096 4068 victoriam
2135 4029 2270 4087 pec-

753 4235 784 4280 3
819 4230 899 4282 Aa
919 4243 1022 4279 eum
1046 4241 1141 4294 pro
1162 4227 1223 4276 ab
1248 4241 1301 4279 eo
1323 4224 1596 4290 legebatur
1619 4231 1740 4274 ante
1765 4223 1917 4274 Crev.
