3159 4959
672 432 847 502 ww
1585 442 1938 493 nervom:

674 590 887 659 scutis
914 589 1275 665 detractas,
1306 587 1471 653 item
1510 606 1761 665 mures,
1793 590 2062 666 essent;
2101 589 2172 649 et
2199 584 2507 661 nucibus,
2542 602 2668 669 per
2701 584 2916 651 Vul-

667 699 931 757 turnum
980 708 1240 755 amnem
1288 706 1331 753 a
1380 686 1714 753 Romanis
1752 687 2002 764 missis,
2046 687 2358 751 vixerint.
2443 686 2750 751 Senatus
2803 707 2918 752 ex

666 792 967 877 equestri
1008 790 1241 855 ordine
1284 788 1664 854 hominibus
1701 794 1968 855 centum
2009 790 2370 871 nonaginta
2397 794 2666 870 septem
2705 808 2916 871 sup-

668 896 891 978 pletus
930 898 1057 957 est.
1141 892 1227 955 1..
1273 891 1678 957 Postumius
1725 897 1978 975 praetor
2026 910 2069 954 a
2103 888 2326 955 Gallis
2373 910 2526 955 cum
2563 891 2912 954 exercitu

668 1012 893 1061 caeuus
920 1000 1047 1057 est.
1132 991 1263 1057 Cn.
1284 1000 1358 1057 et
1378 990 1463 1057 P.
1488 991 1846 1075 Scipiones
1877 992 1947 1056 in
1977 990 2326 1075 Hispania
2355 991 2912 1055 Hasdrubalem

668 1096 990 1171 vicerunt,
1019 1098 1088 1158 et
1118 1092 1529 1179 Hispaniam
1560 1112 1756 1157 suam
1784 1095 2107 1159 fecerunt.
2199 1090 2910 1177 ReliquiaeCannen-

668 1198 769 1261 sis
798 1196 1137 1261 exercitus
1158 1195 1229 1259 in
1258 1194 1561 1260 Siciliam
1593 1194 1910 1275 relegatae
1941 1199 2130 1273 sunt3
2177 1212 2261 1257 ne
2279 1193 2662 1259 recederent
2681 1194 2904 1272 inde,

670 1298 805 1363 nisi
846 1296 1037 1361 finito
1080 1296 1289 1361 bello.
1382 1296 1559 1361 Inter
1599 1293 1993 1377 Philippum
2039 1293 2498 1359 Macedonum
2533 1314 2766 1377 regem
2813 1304 2904 1359 et

668 1398 1125 1465 Hannibalem
1177 1397 1475 1463 societas
1512 1395 1760 1479 juncu
1803 1402 1935 1461 est.
2023 1394 2464 1478 Sempronius
2511 1396 2898 1461 Gracchus

668 1500 913 1565 consul
942 1500 1334 1582 Campanos
1364 1498 1636 1565 cecidit.
1708 1497 2052 1562 Praeterea
2079 1496 2146 1560 in
2169 1497 2484 1563 Sardinia
2509 1496 2816 1563 feliciter·
2845 1518 2896 1565 a

668 1598 756 1663 Τ.
786 1598 1056 1664 Manlio
1093 1606 1381 1682 proetore
1419 1600 1750 1665 adversos
1781 1596 2042 1663 Poenos
2075 1596 2460 1682 Sardosque
2495 1618 2602 1663 res
2631 1608 2892 1681 gestas

666 1700 994 1776 continet,
1022 1720 1071 1764 a
1116 1720 1253 1783 quo
1306 1700 1699 1765 Hasdrubal
1729 1698 1870 1763 dux
1901 1706 1974 1763 et
2013 1698 2222 1781 Mago
2267 1707 2335 1764 et
2375 1698 2620 1764 Hanno
2647 1702 2888 1783 capti.
2975 1693 2988 1703 '

668 1798 999 1865 Claudius
1028 1800 1395 1866 Marcellus
1424 1806 1717 1885 praetor⁸
1761 1798 2172 1865 Hannibalis
2199 1800 2564 1875 exercitum
2595 1800 2684 1865 ad
2714 1800 2794 1863 N
2797 1820 2890 1865 o-

664 1900 803 1965 lam
855 1900 1092 1984 praelio
1136 1902 1307 1967 fudit
1357 1908 1427 1967 et
1463 1903 1661 1968 vicitt
1703 1904 2110 1986 primusque
2145 1892 2256 1967 iot
2301 1900 2610 1967 cladibus
2659 1900 2884 1966 fessis

668 1999 999 2067 Romanis
1026 2003 1367 2068 meliorem
1386 2022 1579 2086 spem
1601 2002 1758 2069 belli
1787 2002 2022 2069 dedit.³

740 2300 765 2344 l
810 2297 896 2345 Vir
915 2294 1021 2347 del.
1036 2296 1433 2411 Gfflnopff‘at.
1457 2297 1707 2347 Crem—2
1740 2298 1927 2349 Potius
1946 2299 2107 2349 “aaa
2119 2296 2324 2363 judicat
2345 2300 2660 2363 nupera—8
2693 2306 2710 2329 ⁸
2729 2298 2884 2351 later

672 2358 951 2423 Philippum
974 2394 989 2409 .
1013 2392 1028 2407 .
1050 2396 1065 2411 .
1358 2375 1432 2411 arc
1464 2361 1626 2413 verba
1653 2363 1705 2413 in
1735 2362 1868 2414 Men.
1889 2364 2042 2427 longe
2076 2365 2176 2413 ulio
2203 2365 2383 2415 ordine
2417 2364 2674 2431 leguntur,
2706 2380 2876 2431 quem

670 2424 892 2475 mutavit
914 2423 1115 2475 Aldus?
1154 2427 1353 2487 Rupere.
2719 2474 2729 2479 -
2837 2449 2846 2461 ·

1484 2718 1672 2786 LIB.
1743 2716 2041 2784 XXIV.

760 2932 1241 3017 Hieronymus,
1266 2935 1840 3017 Syracusanorum
1870 2953 2014 3010 rex,
2039 2934 2236 3019 cujus
2261 2952 2428 3001 avus
2452 2936 2670 3002 Hiero
2691 2939 2860 3005 ami·

668 3056 789 3103 cus
820 3035 1056 3119 populi
1088 3034 1383 3102 Romani
1401 3042 1433 3083 ⁴
1474 3035 1718 3117 fuerat,
1749 3037 1835 3102 ad
1857 3036 2434 3119 Carthaginienses
2461 3036 2749 3120 defecit3
2785 3045 2860 3105 et

666 3142 941 3220 propter
978 3135 1435 3206 crudelitatem
1474 3138 1992 3222 superbiamque
2029 3156 2078 3200 a
2119 3137 2266 3203 suis
2311 3137 2694 3205 interfectus
2733 3144 2856 3203 est.

666 3238 775 3306 Ti.
826 3237 1263 3321 Sempronius
1316 3238 1668 3307 Gracchus
1731 3238 2093 3323 proconsul
2146 3256 2472 3321 prospere
2530 3238 2860 3307 adversus

667 3337 921 3403 Poeuos
948 3343 1017 3403 et
1040 3338 1435 3405 Hannonem
1466 3340 1709 3405 ducem
1739 3339 1829 3404 ad
1858 3340 2318 3407 Beneventum
2345 3340 2692 3421 pugnavit,
2721 3358 2862 3405 ser.-

669 3458 899 3517 vorum
930 3440 1223 3505 maxime
1264 3459 1499 3523 opera,
1536 3459 1710 3523 quos
1749 3439 2001 3505 liberos
2031 3458 2178 3505 esse
2199 3438 2440 3522 jussit.
2527 3438 2855 3507 Claudius

666 3538 1037 3603 Marcellus
1062 3540 1295 3605 consul
1324 3542 1391 3603 in
1423 3539 1681 3615 Sicilia,
1711 3559 1865 3622 qnae
1886 3558 2091 3623 prope
2113 3546 2260 3604 tota
2279 3538 2368 3605 ad
2392 3538 2648 3605 Poenos
2673 3542 2854 3633 defe-

668 3636 1279 3723 cerat,”Syracusas
1322 3640 1614 3705 obsedit.
1701 3638 2022 3723 Philippo
2056 3638 2507 3705 Macedonum
2543 3642 2680 3725 regi
2715 3640 2856 3713 bel·-

668 3740 805 3803 lum
848 3738 1175 3805 indictum
1226 3748 1371 3819 est3
1416 3741 1557 3823 qui,
1609 3741 1696 3806 ad
1746 3739 2185 3824 Apolloniam
2239 3750 2568 3811 nocturno
2620 3744 2852 3833 praelio

668 3858 1035 3923 oppressus
1072 3841 1501 3925 fugatusque,
1546 3844 1615 3907 in
1657 3842 2130 3909 Macedoniam
2169 3862 2326 3912 cum
2371 3863 2580 3929 prope
2623 3846 2853 3913 inei-nii

666 3942 963 4007 exercitu
992 3941 1305 4027 perfugit.
1390 3942 1503 4009 Ad
1530 3944 1602 4010 id
1633 3944 1878 4011 bellum
1899 3945 2250 4026 gerendam
2267 3945 2584 4013 Valerius
2605 3954 2852 4031 praetor

668 4044 917 4108 missus
946 4052 1101 4111 est-⁵
1190 4043 1334 4110 Res
1366 4054 1691 4130 praeterea
1709 4048 1778 4111 in
1799 4046 2144 4131 Hispania
2173 4068 2216 4115 a
2238 4049 2324 4113 P.
2345 4054 2416 4113 et
2445 4047 2570 4113 Gn.
2589 4048 2854 4133 Scipio.—

668 4143 875 4209 nibus
902 4145 1224 4213 adversus
1254 4145 1834 4230 Carthaginienses
1873 4155 2099 4231 gestas
2147 4150 2463 4215 eontinet.
2549 4150 2852 4235 Syphax,

666 4259 789 4307 rex
820 4243 1279 4345 Numidarum,
1308 4248 1376 4315 in
1406 4250 1772 4327 amicitiam
1809 4252 2086 4329 ascitus,
2111 4257 2184 4316 et
2209 4271 2253 4319 a
2279 4250 2674 4333 Masinissa,
2699 4267 2854 4336 roge
