3159 4959
835 454 1036 502 niani
1086 453 1398 502 cxxvii.
1437 454 2087 505 suresnuswrun.
2396 439 2573 509 5598

351 597 507 666 eius,
539 598 746 677 qualia
775 598 934 677 prius
969 596 1344 676 praetulerat:
1387 605 1408 633 ‘
1437 600 1703 677 potentia
1740 598 1935 657 fratris
1968 600 2134 657 abuti
2166 596 2245 658 ad

351 693 679 753 tollendum
703 694 1138 753 triumviratum
1161 694 1435 765 voluisse,
1477 682 1729 754 eundem
1766 694 1959 754 adbuc
1985 696 2245 755 animum

353 787 590 859 durare,
631 796 714 859 et,
753 790 802 847 si
829 808 1120 868 regressus
1152 788 1332 849 frater
1367 788 1791 869 rempublicam
1814 790 2093 851 tuendam
2119 810 2245 851 sus—

347 884 556 963 cipiat,
581 884 738 943 clam
759 883 1032 963 palamve
1057 882 1134 943 ad
1159 904 1292 943 enm
1316 885 1637 955 abiturum,
1662 904 2003 965 quanquam
2028 886 2245 946 babere

345 980 672 1038 maximnm
697 978 954 1038 Caesaris
981 978 1336 1037 beneficium
1361 992 1477 1037 nou
1507 981 1753 1039 abnuat.
1828 980 1935 1039 Sin
1962 1000 2103 1041 vero
2126 981 2241 1041 fra-

348 1082 494 1133 trem
517 1076 700 1135 etiam
723 1075 962 1144 sentiat,
997 1094 1116 1135 non
1153 1082 1360 1134 contra
1397 1074 1887 1145 dominationem,
1924 1076 2029 1135 sed
2058 1076 2245 1137 domi·

348 1171 604 1229 nationis
640 1170 832 1230 socios
869 1168 1134 1239 tendere,
1174 1178 1302 1229 tum
1343 1190 1408 1229 se
1451 1168 1676 1229 Caesari
1702 1170 2018 1229 affuturum
2042 1181 2249 1233 contra

344 1264 614 1337 fratrem,
659 1264 946 1345 quamdiu
987 1266 1046 1323 ei
1087 1264 1388 1323 meliorem
1429 1284 1665 1323 manere
1712 1274 1969 1325 mentem
2008 1266 2247 1345 putarit.

349 1360 548 1421 Porro
568 1360 998 1441 rempublicam
1033 1356 1170 1419 ante
1205 1380 1440 1419 omnem
1471 1372 1534 1419 et
1567 1362 1973 1439 cognationem
2014 1371 2077 1421 et
2112 1380 2243 1439 gra·

348 1456 496 1519 tiam
535 1456 856 1536 positivum
890 1456 1056 1514 esse?
1137 1455 1342 1515 Caesar
1381 1472 1496 1514 non
1541 1455 1935 1516 indelectatus
1968 1458 2081 1517 hoc
2122 1476 2245 1517 ser·

349 1572 546 1621 mone,
591 1562 610 1589 ‘
637 1560 843 1611 contra
875 1550 1114 1611 fratrem
1159 1550 1354 1611 statiis
1393 1552 1603 1631 opera'
1648 1554 1887 1631 negavit
1928 1562 1945 1589 ‘
1983 1572 2246 1623 usurum,

346 1668 424 1709 ne
447 1650 498 1709 si
523 1648 710 1709 vellet
730 1646 972 1727 quidem
1003 1648 1193 1725 sequi,
1230 1647 1336 1707 sed
1361 1648 1691 1706 universam
1722 1648 2085 1728 Hispaniam
2107 1670 2244 1709 cum

349 1745 706 1805 exercitibus
751 1744 806 1802 ei
851 1742 1212 1803 crediturum
1255 1762 1424 1802 esse:
1467 1758 1536 1801 ut
1589 1762 1691 1823 pro
1734 1742 1949 1821 legatis
1998 1744 2241 1814 habeat,

350 1840 454 1920 qui
496 1849 620 1899 tum
665 1840 782 1899 sint
825 1839 886 1897 in
933 1837 1260 1917 Hispania,
1311 1836 1458 1897 Sex.
1506 1836 1899 1909 Peducaeum,
1949 1838 2021 1897 L.
2068 1836 2243 1899 Cari·-

352 1930 622 1995 mitem?b
705 1933 850 1993 Hoc
877 1933 1148 1993 nimirum
1175 1932 1410 1995 nomine
1431 1933 1707 1993 custodes
1738 1931 1809 1991 L.
1838 1932 2115 1993 Antonio
2138 1932 2247 1993 ad·-

353 2030 664 2091 alebantur.
1630 2076 1635 2081 .

431 2133 492 2191 9.
537 2126 702 2186 Dum
741 2128 829 2185 ita
864 2114 1116 2185 diversis
1155 2126 1302 2185 locis
1338 2124 1635 2184 Romanae
1666 2125 1823 2200 ‚vires
1862 2124 2245 2195 colliduntur,
2272 2144 2389 2195 Dio.

353 2223 728 2284 Parthicum
747 2221 1024 2279 maximis
1035 2221 1224 2301 copiis
1249 2222 1306 2278 in
1333 2219 1597 2299 Syriam,
1612 2228 1675 2278 et
1692 2240 1729 2278 e
1754 2219 1932 2299 Syria
1952 2222 2013 2278 in
2034 2220 2247 2279 Asiam

353 2321 706 2399 irruperunt.
791 2316 976 2385 Quod
1015 2316 1240 2375 bellum
1275 2316 1394 2375 boe
1428 2315 1685 2374 maxime
1722 2314 1899 2375 modo
1932 2314 2251 2375 conflatum

351 2424 536 2493 atque
579 2412 954 2473 commissum
1003 2420 1114 2471 est.
1199 2410 1520 2470 Crassiana
1570 2411 1947 2491 expeditione
1997 2411 2245 2491 primum
2272 2429 2396 2478 Flor.
2424 2444 2497 2481 w,
2520 2434 2569 2481 ⁹.

349 2509 570 2569 irritati
593 2508 830 2577 Parthi,
855 2526 996 2566 mox
1013 2506 1156 2565 elati
1184 2506 1451 2576 victoria,
1472 2526 1703 2585 semper
1726 2506 2004 2587 deinceps
2022 2527 2095 2566 eo
2118 2508 2247 2566 ani-
2272 2526 2387 2575 Dio.

351 2626 450 2666 mo
473 2605 731 2672 fuerunt,
757 2611 825 2662 nt
846 2610 910 2661 et
934 2602 1216 2661 auderent
1239 2600 1462 2661 bellare
1487 2621 1625 2661 cum
1663 2601 1957 2661 Romanis
1978 2612 2043 2661 et
2065 2623 2245 2682 cupe-

350 2710 498 2761 rent.
583 2698 728 2769 Sed,
771 2706 838 2757 ut
876 2696 968 2767 fit,
1009 2696 1260 2756 subinde
1299 2696 1819 2757 intervenientibus
1852 2698 2050 2769 moris,
2090 2698 2149 2757 in
2186 2698 2247 2757 id

352 2806 584 2876 tempus
607 2794 801 2853 dilata
827 2813 918 2851 res
945 2802 1056 2863 est,
1081 2812 1200 2871 quo
1223 2801 1359 2871 post
1385 2792 1773 2872 Philippense
1799 2792 2022 2853 bellum
2044 2792 2245 2853 Anto-

352 2893 504 2961 nius,
541 2888 824 2968 cogendis
871 2889 1092 2966 ubique
1137 2887 1424 2967 pecuniis,
1479 2889 1875 2967 maximopere
1916 2888 2249 2966 provincias

353 2986 638 3047 alienasse
673 2984 1028 3043 videbatur:
1071 3002 1142 3041 eo
1166 2982 1407 3061 quidem
1442 2990 1725 3061 provecta
1758 2982 2121 3043 Aradiorum
2143 3003 2251 3042 au·-

352 3082 552 3151 dacia,
578 3090 650 3139 ut
673 3079 946 3139 Curtium
973 3076 1278 3137 Salassum
1303 3096 1438 3136 cum
1465 3086 1717 3156 quatuor
1744 3077 2099 3147 cohortibus,
2118 3079 2247 3137 exi·
2304 3092 2483 3143 Euoeb.

353 3176 560 3257 gendae
585 3176 848 3257 pecnniae
863 3193 1046 3234 causa
1067 3172 1326 3241 missum,
1352 3172 1551 3231 vivum
1575 3172 2003 3233 comburerent.
2273 3158 2459 3206 mmm·

373 3314 382 3321 .
433 3273 758 3343 1002.Forte
781 3268 860 3331 Τ.
890 3270 1188 3329 Labienus
1207 3266 1280 3325 T.
1313 3266 1383 3325 F.
1405 3266 1484 3327 ad
1509 3267 1865 3330 solicitanda
1887 3267 2245 3327 Parthorum
2276 3286 2391 3332 Dio.
2414 3286 2543 3335 Flor.

353 3344 586 3429 auxilia
625 3369 832 3427 missus
863 3386 904 3426 a
943 3364 1156 3433 Brut0,
1195 3374 1328 3443 post
1359 3364 1490 3441 ejus
1541 3364 1841 3427 interitum
1882 3363 2245 3424 occasionem
2270 3350 2569 3477 Εξῃῖῥὶζῦ·

353 3474 646 3525 ostentate
663 3484 782 3523 non
797 3461 1126 3531 desinebat,
1150 3460 1422 3519 Antonio
1439 3459 1599 3539 apud
1618 3460 1997 3541 Cleopatram
2022 3458 2245 3531 deside,
2270 3478 2388 3529 Dio.
2520 3448 2535 3466 ⁰

356 3560 598 3620 Caesare
623 3559 1036 3640 Pompeioque
1061 3565 1124 3616 et
1147 3554 1432 3635 quicquid
1449 3556 1625 3615 armis
1640 3555 1905 3615 validum
1932 3554 2095 3635 apud
2112 3555 2245 3615 Ro-

355 3675 564 3715 manos
585 3675 832 3735 usquam
849 3664 1022 3724 esset,
1037 3661 1244 3713 mutuo
1277 3671 1340 3709 se
1367 3652 1772 3711 atterentibus.
1856 3660 1873 3687 ‘
1895 3652 1977 3713 Se
2002 3671 2247 3730 gnarum

355 3770 556 3831 opum,
573 3761 810 3830 quantae
829 3752 1044 3830 cuique
1057 3748 1284 3808 civitati
1302 3755 1516 3817 essent,
1533 3768 1775 3825 gnarum
1804 3748 2151 3808 animorum.
2182 3748 2249 3805 Si

352 3848 662 3927 copiarum
703 3847 1008 3927 imperium
1047 3843 1160 3903 sibi
1191 3841 1490 3911 credatur,
1517 3842 1753 3901 omnino
1777 3842 2099 3914 relaturum
2126 3840 2249 3917 regi

413 4077 444 4127 ,δ
479 4076 775 4137 Corinnam]
812 4076 966 4127 Hune
983 4076 1098 4125 solo
1133 4088 1267 4137 prae·
1337 4082 1522 4133 nempe
1573 4074 1691 4120 686.
1771 4064 2065 4121 carinntem
2120 4068 2249 4121 dicit

353 4143 562 4191 nomine
595 4144 830 4205 appellat
850 4144 944 4191 boe
966 4142 1082 4189 loco
1108 4139 1270 4203 Appi·
1341 4135 1585 4196 auspiciis
1602 4136 1821 4185 Caenaris
1844 4134 2141 4199 Hispaniam
2160 4150 2245 4187 cn·

359 4221 505 4257 auus.
595 4207 700 4256 Sed
749 4208 905 4269 paulo
945 4220 1118 4269 supra,
1161 4220 1279 4271 pag.
1339 4214 1498 4253 rasse.
1535 4202 1679 4253 Creu.

485 4286 659 4350 Delph.
675 4292 722 4337 ec
746 4286 864 4337 var.
877 4286 1007 4338 ctas.
1363 4281 1548 4333 uvius.
2165 4298 2175 4308 -
2293 4264 2357 4328 ἰο
2391 4280 2443 4329 ις
