3159 4959
1180 482 1672 536 viticusum.
2345 472 2524 538 5915

331 637 353 667 ·
378 630 642 709 Vincis,
674 624 949 698 caesar:
1036 628 1688 713 obstupescentibus
1715 628 1877 706 iuis,
1915 629 2032 713 qui
2073 629 2375 708 aderant,
2405 632 2524 697 de-

329 740 541 797 tracta
571 736 779 817 capiti
806 752 1079 808 corona,
1104 730 1367 813 juravit
1396 750 1526 793 uon
1557 732 1745 812 prius
1776 750 1852 794 se
1879 732 2318 814 repositurum
2347 748 2520 811 eam,

328 853 527 915 quam
576 836 700 901 arti
744 834 1205 919 respondisset
1252 838 1577 911 eventum,
1653 830 1812 897 Hoc
1843 832 2077 897 Livius
2107 852 2336 898 verum
2369 856 2518 901 esse

330 930 683 1094 ang-1:221:
722 1032 880 1093 (ἓως.
910 1054 969 1113 p.
1000 1038 1140 1096 780.
1204 1031 1304 1093 cf.
1328 1031 1599 1092 Freinsh.
1629 1029 1848 1114 suppl.
1877 1048 2019 1093 cxx.
2049 1040 2148 1096 72.
2193 1034 2362 1096 Gen.
2397 1052 2514 1097 xv.

326 1136 424 1189 18.
470 1128 698 1190 Lucan.
728 1145 857 1187 vn.
893 1134 1031 1189 192.
1075 1127 1199 1189 Dio
1224 1137 1289 1188 et
1314 1128 1541 1206 Obseq.

1155 1341 1261 1389 Ao
1310 1340 1459 1389 mn.
1508 1340 1708 1389 oxu.

415 1473 917 1555 Quadringenta
944 1472 1156 1537 millia
1204 1473 1516 1538 librorum
1547 1473 1990 1540 Alexandrioe
2022 1483 2339 1556 arserunt,
2370 1478 2516 1563 pul-

326 1576 716 1641 cherrimum
788 1576 985 1659 regioe
1052 1575 1420 1659 opulentioe
1489 1585 2006 1641 monumentum
2118 1577 2312 1641 Alius
2375 1578 2522 1644 lau-

324 1676 607 1750 daverit,
656 1676 834 1741 sicut
880 1675 1140 1750 Livius,
1186 1677 1306 1759 qui
1350 1676 1702 1759 elegantiae
1735 1698 1958 1761 regum
1991 1698 2306 1763 curoeque
2336 1700 2514 1763 egre·

325 1778 501 1861 gium
533 1777 601 1841 id
634 1796 811 1858 opus
841 1777 938 1840 ait
968 1776 1199 1841 fuisse.

409 1874 641 1935 Seneca
678 1875 754 1933 de
787 1874 1012 1953 Tranq.
1044 1874 1171 1933 An.
1208 1896 1265 1935 c.
1303 1884 1366 1935 9.
1429 1874 1527 1934 Cf.
1557 1876 1732 1937 Oros.
1765 1892 1857 1937 v1.
1889 1885 1990 1939 15.
2038 1878 2160 1939 Dio
2199 1896 2372 1940 XLII.
2418 1886 2516 1941 38.

328 1968 561 2049 Heynii
589 1969 817 2050 Opusc.
850 1969 1051 2029 Acad.
1081 1978 1124 2029 t.
1158 1985 1204 2027 1.
1234 1989 1295 2047 p.
1324 1976 1463 2029 119.
1493 1990 1583 2048 sq.

1138 2194 1243 2243 AD
1292 2196 1369 2243 m
1384 2198 1442 2245 Β.
1488 2196 1706 2245 cxlv.

418 2330 595 2395 Haec
624 2328 711 2395 de
742 2331 967 2395 Basso
996 2331 1287 2413 produnt
1330 2332 1666 2411 nonnulli3
1710 2330 1954 2397 Livius
1979 2354 2162 2411 vero,
2193 2334 2520 2401 militasse

328 2450 481 2496 eum
530 2431 839 2514 Pompeii
892 2432 1255 2515 auspiciis:
1302 2450 1438 2515 quo
1468 2433 1654 2497 victo
1699 2433 2030 2516 privatum
2073 2435 2292 2516 egisse
2333 2436 2523 2520 Tyri,

328 2534 795 2616 corruptisque
824 2533 1227 2615 quibusdam
1272 2533 1656 2615 legionariis
1687 2534 2016 2613 effecisse,
2048 2539 2140 2615 ut,
2183 2536 2525 2603 inoerfecto

327 2636 561 2710 Sexto,
592 2636 814 2717 ipsum
848 2633 981 2699 sibi
1012 2634 1246 2699 ducem
1275 2642 1632 2699 sumerent.

408 2735 678 2815 Appisn.
724 2733 805 2793 B.
843 2732 918 2793 C.
962 2750 1071 2794 ιιι.
1120 2741 1221 2798 77.
1260 2735 1364 2793 ubi
1408 2754 1513 2815 pro
1534 2734 1774 2811 Λίβωνι
1807 2734 2120 2813 legendum
2157 2756 2286 2795 esse
2327 2736 2526 2818 Λιβίῳ

326 2838 506 2903 recte,
550 2831 779 2909 opinor,
819 2831 1080 2909 conjecit
1126 2828 1461 2908 Schweigh.
1502 2832 1712 2909 etjam
1742 2838 1880 2891 aute
1906 2850 2042 2891 eum
2071 2829 2272 2891 Periz.
2315 2831 2524 2895 Auim.

332 2926 491 2985 Dist.
517 2946 572 2985 c.
600 2932 659 2985 4.
690 2947 750 3005 p.
782 2932 919 2987 177

417 3020 741 3104 optarem
774 3020 935 3085 mihi
968 3020 1369 3103 contingere,
1417 3021 1602 3105 quod
1633 3020 1718 3085 Τ.
1751 3020 1986 3085 Livius
2018 3022 2256 3085 scribit
2285 3023 2369 3087 de
2396 3023 2524 3089 Ca-

330 3130 527 3189 tone:
573 3121 765 3204 cujus
794 3121 1022 3203 gloriae
1054 3140 1273 3204 neque
1306 3122 1559 3203 profuit
1606 3124 1969 3205 quisquam
2009 3121 2376 3201 laudando,
2401 3144 2525 3191 nec

330 3221 776 3307 vituperando
809 3224 1171 3306 quisquam
1203 3222 1452 3299 nocuit,
1483 3242 1638 3285 cum
1667 3228 2024 3305 utrumque
2050 3224 2328 3289 summis
2356 3244 2524 3309 prae-

329 3322 457 3388 diti
503 3324 779 3391 fecerint
822 3323 1134 3405 ingeniis.
1224 3321 1576 3405 Significat
1625 3330 1849 3387 autem
1902 3322 2000 3385 M.
2033 3320 2418 3389 Ciceronem
2462 3332 2530 3393 et

331 3424 409 3493 C.
470 3424 833 3500 causantem,
883 3444 1163 3509 quorum
1222 3425 1391 3490 alter
1448 3422 1710 3499 laudeS,
1769 3420 1932 3487 alter
1989 3423 2526 3507 vituperationes

334 3544 542 3608 supra
579 3526 741 3591 dicti
771 3526 1044 3609 scripsit
1073 3525 1222 3589 viri.

414 3624 671 3685 Hieron.
700 3625 870 3687 Prol.
912 3626 1015 3685 lib.
1048 3642 1127 3689 11.
1154 3627 1213 3685 iu
1243 3622 1532 3685 Hoseam.

1156 3840 1258 3886 AD
1308 3838 1453 3887 mn.
1505 3838 1714 3886 cxvt.

419 3970 707 4039 AEdibus
738 3970 1059 4049 Caesaris,
1086 3978 1361 4037 ornatus
1405 3972 1920 4056 majestatisque
1947 3990 2186 4049 causa,
2217 3988 2308 4037 ex
2340 3972 2526 4039 Scio

334 4076 722 4159 aGJunctum
767 4082 915 4139 erat
962 4074 1327 4156 fastigium,
1372 4082 1453 4139 ut
1503 4080 1739 4139 auctor
1791 4083 1901 4138 est
1953 4074 2200 4137 Livius.
2287 4074 2370 4137 Id
2411 4092 2528 4157 per

334 4179 631 4258 quietem
682 4175 1055 4259 Calpurnia
1102 4175 1351 4240 collabi
1410 4176 1774 4255 imaginata
1819 4175 2201 4252 videbatur,
2255 4176 2384 4240 sibi
2431 4176 2527 4239 la-

334 4281 607 4343 mentari
656 4284 723 4343 et
758 4279 935 4343 flere.
1024 4278 1284 4361 Itaque,
1334 4285 1485 4342 orta
1528 4278 1706 4358 luce,
1755 4278 2021 4359 rogavit
2061 4276 2422 4357 Omnem,
2467 4278 2526 4339 si
