3159 4959
547 350 722 415 55⁰8
1118 368 1128 377 ·
1251 434 1268 457 ⁵
1487 360 1558 411 τ.
1606 360 1797 412 mvn

867 517 994 567 erat
1035 508 1287 585 ignaviae
1331 514 1518 566 nota:
1561 525 1717 566 nunc
1766 506 1817 564 si
1866 503 2073 563 eadem
2124 494 2576 575 committamus,
2624 516 2759 564 cum

865 610 958 662 tot
1007 602 1309 661 laboribus
1361 620 1434 660 ac
1491 600 1771 681 periculis
1816 601 1899 679 inj
1908 599 2121 659 ustitiae
2176 600 2395 659 crimen
2446 600 2760 658 sustinebi-

867 699 1037 757 mus.’
1119 696 1288 755 Hinc
1331 706 1578 777 apparet
1610 696 1839 755 animus
1884 695 2079 765 Bruti,
2104 702 2168 753 et
2188 694 2335 773 quid
2362 696 2421 753 in
2452 712 2597 753 neca
2624 693 2761 753 Cle·

865 794 1012 852 saris
1055 792 1426 871 spectaverit.
1526 791 1682 850 Alia
1722 792 1933 851 Cassio
1972 810 2137 849 mens
2178 799 2328 859 erat,
2374 790 2477 869 qui
2520 808 2657 849 acer
2700 800 2763 849 et

867 887 1011 946 belli
1051 888 1288 967 peritus,
1315 886 1418 945 sed
1459 906 1633 966 asper
1674 888 1783 956 ira,
1828 886 2149 965 potentiam
2191 885 2378 963 mag-is
2414 893 2478 944 et
2520 892 2761 955 metum,

865 1001 1044 1061 quam
1067 1000 1299 1060 aequam
1332 982 1606 1040 omnibus
1642 980 1973 1041 libertatem
1998 980 2319 1059 quaerebat.
2404 979 2576 1040 Idem
2608 979 2759 1039 inter

865 1075 1184 1135 familiares
1205 1075 1434 1135 solutus
1455 1085 1585 1135 erat
1606 1076 1723 1135 risu
1750 1084 1811 1135 et
1834 1074 2035 1135 dicax.

944 1178 1044 1231 40.
1087 1170 1314 1231 Contra
1378 1170 1631 1229 Brutum
1681 1169 1861 1249 vulgo
1910 1188 2136 1240 carum,
2194 1170 2398 1230 amicis
2452 1170 2759 1243 dilectum,

865 1268 1088 1345 optimo
1123 1266 1336 1344 cuique
1377 1265 1775 1336 admirationi,
1818 1286 1893 1325 ne
1934 1266 2201 1325 hostibus
2222 1265 2465 1345 quidem
2508 1266 2759 1326 invisum

864 1360 1042 1420 fuisse
1067 1360 1350 1421 tradunt:
1394 1362 1536 1440 quia
1565 1362 1708 1421 mire
1744 1362 1921 1432 lenis,
1946 1362 2373 1440 magnanimus,
2400 1363 2525 1431 irae,
2550 1361 2758 1443 volup-

865 1458 996 1527 tati,
1023 1458 1290 1517 avaritiae
1317 1458 1811 1537 inexpugnabilis,
1836 1474 2034 1517 verum
2062 1466 2241 1535 atque
2264 1456 2569 1516 benesnim
2595 1457 2761 1517 inde-

862 1551 1130 1612 clinabili
1163 1553 1497 1613 constantia
1521 1553 1877 1613 sectabatur.
1962 1551 2154 1630 Igitur
2176 1552 2357 1611 etiam
2380 1570 2461 1611 ex
2495 1551 2759 1612 Antonio

865 1647 1080 1707 multos
1118 1647 1408 1707 audivisse
1449 1646 1665 1717 ferunt,
1692 1666 1829 1707 eum
1864 1647 2061 1707 dicere
2098 1648 2485 1718 consuevisse,
2528 1656 2547 1683 ‘
2568 1648 2759 1707 solum

869 1742 1119 1802 Brutum
1158 1744 1394 1803 virtutis
1429 1752 1492 1802 et
1525 1744 1753 1803 honesti
1792 1744 1989 1823 specie
2028 1752 2251 1803 motum
2282 1743 2360 1802 ad
2398 1742 2757 1803 inferendam

865 1838 1090 1897 Goesari
1141 1858 1382 1907 necem,
1441 1840 1653 1899 ceteris
1700 1839 1969 1899 omnibns
2016 1838 2139 1899 alia
2186 1840 2489 1919 proposita
2536 1838 2755 1899 fixisse?

865 1932 988 1993 Sed
1031 1954 1224 2012 neque
1267 1933 1444 2012 vulgo
1487 1934 1891 2005 dubitabatur,
1934 1954 2111 1993 unum
2160 1937 2315 1995 bunc
2360 1937 2515 1995 bono
2560 1932 2755 1995 animo

577 2043 694 2091 Tac.
711 2040 842 2089 Hint.
861 2028 1226 2089 descendisse
1290 2030 1368 2087 ad
1416 2030 1619 2089 civilia
1672 2050 1857 2090 arma.
1942 2040 1961 2065 ‘
1982 2028 2149 2089 Nam
2208 2050 2399 2109 neque
2460 2028 2753 2111 Pompeio

545 2110 711 2217 35⁰2&
864 2125 1070 2185 victori
1085 2124 1112 2150 ²
1152 2144 1480 2185 mansuram
1519 2126 1697 2185 fuisse
1740 2125 2108 2197 modestiam,
2149 2127 2293 2205 quin
2334 2126 2435 2185 ille
2474 2126 2751 2196 consulis,

733 2282 742 2290 ,
863 2230 968 2281 aut
991 2220 1320 2291 dictatoris,
1347 2228 1451 2281 aut
1483 2224 1657 2301 cujus
1686 2222 1837 2281 alius
1868 2223 2241 2299 magistratus
2264 2223 2519 2292 nomine,
2546 2242 2751 2303 perpe-
2789 2228 2797 2233 '

865 2324 1028 2375 tuam
1067 2316 1524 2375 dominationem
1565 2317 1874 2376 retineret:
1915 2327 1979 2377 et
2016 2318 2171 2377 hunc
2218 2318 2409 2397 ipsum
2454 2316 2752 2389 Cassium,

867 2410 1050 2475 nihilo
1075 2410 1448 2470 carbonibus
1469 2419 1532 2469 et
1559 2410 1771 2471 Mariis
1792 2420 1857 2471 et
1880 2410 2088 2471 Ginnis
2116 2412 2411 2472 meliorem
2421 2413 2463 2482 ,¹⁹
2492 2432 2645 2494 sape
2670 2413 2751 2473 ab

857 2505 1100 2565 honesto
1144 2505 1222 2565 ad
1269 2504 1582 2564 utilitatem
1624 2504 1805 2576 flecti,
1850 2526 2039 2586 neque
2080 2526 2451 2567 communem
2494 2508 2745 2569 salutem

857 2602 1068 2679 magis,
1093 2622 1270 2681 quam
1296 2602 1541 2681 privstoe
1566 2601 1847 2680 potentiae
1872 2604 2125 2662 rationes
2154 2604 2485 2683 respicere?

931 2702 1034 2755 41.
1077 2696 1172 2755 At
1211 2696 1464 2756 Brutum
1501 2698 1697 2756 animo
1720 2718 1897 2776 quam
1934 2699 2147 2778 opibus
2186 2700 2379 2758 nisum
2420 2700 2619 2772 fuisse,
2644 2702 2741 2761 vel

853 2794 1032 2873 ipsius
1054 2793 1320 2874 epistolae
1343 2791 1621 2865 doceant,
1649 2793 1845 2854 vicino
1863 2796 1994 2872 jam
2022 2793 2355 2864 discrimine
2381 2798 2741 2877 composita.

855 2888 1026 2949 Nam
1049 2890 1127 2949 ad
1155 2888 1428 2948 Atticum
1455 2889 1679 2961 scribit,
1723 2898 1741 2925 ‘
1766 2910 1921 2949 nunc
1960 2890 2231 2969 equidem
2258 2910 2385 2949 esse
2408 2911 2499 2950 res
2524 2910 2659 2952 suas
2684 2884 2743 2952 in

852 2983 1244 3063 pulcherrimo
1266 2990 1446 3043 statu.
1530 2984 1699 3044 Nam
1740 2995 1847 3045 aut
1870 2986 2121 3045 victoria
2156 2984 2485 3046 libertatem
2527 2989 2746 3068 populo

853 3078 1132 3138 Romano
1175 3088 1669 3158 comparaturum,
1718 3088 1822 3138 aut
1842 3082 1845 3089 '
1869 3088 2054 3139 morte
2106 3099 2215 3138 sua
2271 3075 2744 3143 confirmaturum

851 3175 986 3234 sibi.
1072 3172 1154 3233 Et
1195 3182 1397 3233 cetera
1435 3174 1671 3253 quidem
1713 3172 1769 3233 in
1824 3175 2045 3234 incerto
2060 3195 2077 3243 3
2122 3194 2301 3235 unum
2344 3176 2503 3235 haud
2542 3176 2741 3237 dubiae

851 3269 1112 3328 veritatis
1147 3288 1297 3339 esse,
1340 3278 1444 3328 aut
1477 3270 1769 3328 victurum
1806 3289 1870 3328 se
1913 3268 2184 3340 liberum,
2232 3279 2339 3329 aut
2378 3272 2741 3335 moriturum.

853 3362 946 3423 Μ.
999 3362 1328 3421 Antonium
1371 3370 1566 3421 autem
1610 3364 1845 3423 meritas
1894 3364 2187 3423 vecordiae
2226 3386 2427 3446 poenas
2460 3367 2737 3447 pendere,

851 3457 952 3535 qui
979 3474 1112 3515 cum
1137 3458 1357 3517 censeri
1391 3476 1526 3516 cum
1565 3457 1889 3517 Catonibus
1932 3459 2249 3539 Brutisque
2280 3472 2361 3521 et·
2378 3460 2599 3523 Cassiis
2630 3484 2738 3544 po-

851 3551 1075 3621 tuisset,
1104 3550 1420 3612 Octaviani
1464 3552 1605 3613 vilis
1638 3554 1893 3613 accessio
1930 3574 2055 3615 esse
2101 3556 2423 3628 maluisset,
2463 3578 2639 3637 quem
2676 3567 2739 3619 et

1425 3720 1458 3765 2
1497 3716 1684 3767 Victore
1704 3717 1823 3765 edd.
1853 3726 1973 3767 ante
2002 3719 2155 3771 CreV.

1631 3842 1720 3865 eoo
1725 3844 1866 3871 ’κιρ
1873 3844 1989 3865 nee

917 3922 938 3957 ἴ
957 3923 1192 3983 emim,
1213 3923 1362 3973 nihilo
1387 3925 1681 3975 Cau-boniba
1711 3932 1759 3976 et
1829 3942 1935 3975 rem
1959 3927 2085 3991 agit,
2122 3928 2173 3977 in
2206 3930 2389 3981 eadem
2422 3933 2574 3983 Bruti
2613 3933 2741 3999 vita,

853 3986 1032 4036 Mariis
1052 3992 1100 4037 et
1126 3986 1296 4037 Ginaia
1329 3988 1585 4052 meliorem]
1632 3990 1765 4039 Haec
1830 4007 2006 4042 eorum
2048 3994 2339 4054 opinionem
2399 3994 2590 4046 refellit
2643 4002 2734 4061 qni

851 4064 954 4098 non
975 4065 1039 4099 ex
1060 4065 1153 4100 sua
1173 4058 1346 4101 mente
1369 4054 1604 4117 disputat
1634 4054 1757 4105 Plu·
1822 4056 2055 4106 Cassium
2069 4072 2170 4107 non
2190 4060 2493 4123 tyrannidis,
2510 4061 2602 4112 sed
2620 4063 2735 4112 Co·

853 4114 1080 4163 tat-chus.
1143 4114 1262 4179 lpse
1281 4118 1438 4177 enim,
1458 4120 1647 4167 eoloco
1670 4117 1758 4167 nbi
1822 4120 1953 4171 saris
1984 4121 2106 4171 odio
2128 4132 2321 4173 motum
2352 4123 2511 4177 fnisse
2540 4140 2735 4177 memo-

851 4178 918 4227 de
937 4178 1098 4229 initiis
1121 4180 1492 4243 conjurationis
1515 4182 1566 4231 in
1590 4182 1759 4233 Cass·
1824 4190 2081 4235 taverunt.
2118 4188 2253 4236 Cres.
