3159 4959
590 387 763 452 5730

626 1318 753 1366 ven.
776 1325 827 1364 et

594 1382 723 1431 Plut.

1546 404 1616 451 Τ.
1665 405 1850 452 mvn

915 549 1210 626 porrigere
1236 545 1442 605 videns
1467 547 1655 606 aciem
1679 545 2025 616 Publicola,
2053 545 2192 604 dum
2217 567 2354 606 suos
2371 547 2552 606 etiam
2569 547 2806 606 ordines

914 643 1221 723 expandit,
1252 664 1289 701 a
1314 642 1522 701 mediis
1546 643 1956 702 divellebatur.
2024 643 2175 702 Tum
2206 642 2528 713 Antonius,
2555 663 2630 702 ne
2650 644 2803 702 mul-

912 739 1163 798 titudine
1215 737 1513 797 hostilium
1574 739 1816 796 navium
1879 739 2288 797 circumveniri
2335 757 2502 796 suam
2553 738 2801 798 classem

914 843 1020 892 aut
1054 835 1257 894 diduci
1298 844 1614 914 pateretur,
1651 835 1836 892 invito
1866 836 2105 914 propior
2145 835 2204 892 in
2247 833 2630 894 advenientes
2664 835 2800 894 Cae-

913 931 1175 988 sarianos
1198 933 1399 990 movit.
1484 931 1583 988 Ibi
1619 950 1758 988 vero
1806 930 1874 989 L.
1907 930 2194 988 Arruntio
2230 939 2589 1000 occurrente,
2631 939 2800 990 atrox

914 1037 975 1084 et
1015 1027 1369 1085 obstinatum
1403 1036 1694 1084 certamen
1732 1035 1948 1096 ortum,
1989 1025 2236 1085 ducibus
2279 1026 2573 1104 utrimque
2623 1035 2800 1106 atque

915 1123 1397 1199 gubernatoribus
1444 1143 1516 1182 ex
1572 1143 1680 1182 sua
1729 1121 2034 1182 alacritate
2095 1131 2200 1180 aut
2264 1131 2390 1181 arte
2439 1143 2603 1202 spem
2653 1143 2800 1202 pug-

916 1219 1177 1277 nantium
1227 1217 1695 1286 intendentibus;
1755 1227 1818 1276 et
1863 1219 2092 1276 animos
2127 1218 2438 1294 instigante
2481 1227 2800 1297 conspectu

914 1321 1093 1391 atque
1161 1314 1688 1372 acclamationibus
1748 1312 2103 1392 pedestrium
2163 1314 2486 1392 copiarum,
2553 1333 2800 1391 quarum

914 1408 1167 1484 regimen
1216 1408 1353 1466 hinc
1406 1407 1489 1468 P.
1535 1407 1842 1478 Canidius,
1899 1407 2037 1467 inde
2083 1406 2356 1466 Statilius
2397 1407 2650 1478 Taurus,
2691 1409 2794 1467 ob-

916 1503 1199 1562 tinebant.

591 1603 892 1654 Flamma.
995 1605 1054 1656 2.
1098 1597 1219 1658 Sed
1260 1607 1389 1658 erat
1430 1600 1604 1658 sicuti
1637 1599 1876 1658 navium
1913 1599 2222 1677 utrimque,
2261 1599 2345 1657 sic
2385 1599 2564 1657 etiam
2588 1618 2796 1677 pugnae

628 1666 723 1714 Dio
758 1679 807 1716 et

590 1731 719 1778 Plut-

586 2395 721 2443 Oros.
730 2411 799 2442 vt.
808 2397 827 2442 1
836 2397 886 2442 9.

622 2459 718 2507 Dio
736 2466 788 2505 et

582 2521 715 2573 Plut.

584 3027 712 3076 ven.

575 3240 693 3293 Dio.

574 3527 716 3579 Oros.

574 3708 688 3760 Dio.
717 3711 848 3762 Plut.

912 1694 1062 1753 ratio
1088 1693 1303 1772 dispar.
1347 1693 1670 1752 Caesariani
1691 1695 2011 1753 minoribus
2027 1703 2086 1752 et
2107 1694 2334 1752 levibus
2351 1693 2600 1772 navigiis
2619 1693 2797 1752 hosti-

915 1789 1055 1846 lium
1082 1788 1265 1848 moles
1296 1790 1516 1870 impetu
1553 1791 1852 1858 subibant,
1887 1792 2147 1869 tectique
2189 1800 2252 1849 et
2289 1791 2399 1849 sub
2435 1790 2566 1869 ipsa
2599 1809 2795 1850 eorum

914 1884 1312 1962 magnitudine
1363 1884 1640 1956 latentes,
1689 1887 1926 1967 impune
1973 1886 2382 1947 detrimentum
2431 1885 2792 1946 inferebant:

911 1989 1035 2048 aut,
1060 1980 1111 2038 si
1136 1979 1353 2040 frustra
1376 1989 1624 2041 conatus
1663 1980 1888 2053 fuisset,
1915 1983 2257 2062 priusquam
2287 1981 2554 2040 manibus
2597 1980 2796 2040 ferreis

909 2077 1560 2155 comprehenderentur,
1601 2098 1662 2136 se
1698 2079 2083 2158 recipiebant,
2112 2097 2250 2137 mox
2291 2076 2540 2138 eandem
2587 2078 2796 2136 iterum

908 2191 1139 2243 navem,
1168 2182 1290 2244 aut,
1319 2176 1367 2232 si
1404 2194 1525 2253 qua
1556 2173 1678 2233 alia
1715 2175 2096 2254 opportunior
2121 2174 2434 2243 videretur,
2477 2174 2663 2233 libero
2707 2175 2793 2232 in-

908 2287 1077 2327 cursu
1120 2271 1415 2330 tentaturi.
1501 2269 1808 2330 Adversus
1831 2272 1960 2330 haec
1989 2269 2348 2330 Antonianis
2372 2289 2528 2329 curae
2565 2278 2690 2330 erat
2715 2289 2792 2329 ex

908 2365 1167 2443 praealtis
1208 2368 1459 2426 navibus
1495 2365 1728 2442 (decem
1765 2367 1944 2448 pedes
1985 2368 2200 2448 aliquae
2238 2387 2275 2426 a
2314 2368 2462 2426 mari
2487 2367 2789 2444 aberantb)

906 2459 1225 2540 catapultis
1268 2463 1465 2523 hastas
1514 2473 1621 2525 aut
1661 2485 1809 2524 saxa
1841 2468 2067 2543 jacere,
2116 2463 2527 2525 succedentem
2568 2464 2791 2522 hostem

877 2553 1224 2614 'missilibus
1250 2559 1559 2630 incessere,
1588 2561 1952 2639 harpagones
1979 2559 2218 2638 injicere
2244 2559 2512 2618 navibus,
2581 2557 2674 2616 Ea
2704 2578 2794 2616 res

906 2655 1137 2730 quoties
1173 2655 1549 2734 procedebat,
1592 2656 1750 2716 baud
1792 2657 1970 2717 dubie
2013 2657 2396 2717 vincebantur
2432 2654 2788 2715 caesariani:

906 2748 1007 2805 ubi
1030 2747 1489 2810 subducentibus
1514 2772 1576 2811 se
1604 2752 1716 2823 his,
1745 2759 1920 2830 atque
1940 2752 2243 2812 celeritate
2262 2773 2370 2811 sua
2389 2750 2788 2830 eripientibus,

904 2842 1322 2904 aberraverant
1356 2847 1678 2915 macbiuae3
1725 2858 1830 2907 aut
1855 2849 2052 2908 rostris
2074 2848 2382 2907 hostilibus
2411 2845 2790 2926 perforaban-

904 2950 999 2999 tur
1027 2939 1284 3000 Antonii
1320 2963 1520 3014 naveS,
1557 2955 1661 3004 aut
1695 2944 1956 3022 singulas
1990 2965 2027 3004 a
2065 2944 2330 3024 pluribus
2367 2945 2790 3002 circumventas

906 3037 1241 3098 amittebat.
1326 3038 1515 3100 Erant
1543 3042 1598 3099 in
1629 3041 1818 3102 altera
1842 3050 2008 3121 parte
2035 3041 2456 3119 gubernatores
2481 3040 2673 3118 periti,
2701 3058 2788 3096 re-

903 3150 1038 3190 mex
1069 3132 1290 3204 alacer,
1317 3135 1439 3196 dux
1476 3139 1770 3196 intentus:
1814 3140 1874 3197 in
1905 3137 2091 3197 altera
2131 3145 2338 3218 praeter
2374 3134 2588 3194 milites
2623 3132 2784 3193 nibil.

904 3225 1007 3287 Sic
1034 3229 1207 3306 igitur
1246 3233 1640 3311 pugnabatur,
1669 3241 1735 3292 ut
1770 3234 1906 3292 hinc
1940 3233 2070 3292 sola
2104 3231 2550 3308 legionariorum
2575 3229 2785 3287 virtute

900 3342 992 3382 res
1024 3325 1420 3397 sustineretur,
1458 3328 1595 3388 inde
1622 3328 1907 3408 plurimus
1948 3335 2254 3388 nautarum
2293 3337 2470 3406 atque
2503 3325 2783 3401 remigum

898 3417 1067 3476 labor
1091 3428 1259 3478 esset.

979 3519 1038 3574 3.
1083 3513 1238 3574 Cum
1279 3516 1355 3574 ab
1391 3518 1537 3576 hora
1563 3520 1773 3598 quinta
1809 3519 1928 3580 diei
1959 3539 2140 3598 usque
2179 3519 2236 3577 in
2263 3517 2568 3598 septimam
2599 3514 2784 3574 multa

898 3610 1191 3689 utrimque
1217 3611 1377 3671 caede
1402 3613 1771 3686 dimicatum,
1808 3625 2010 3675 neutro
2047 3613 2365 3673 inclinante
2390 3612 2664 3682 victoria,
2689 3631 2782 3671 es-

896 3714 1021 3774 set;
1068 3705 1414 3788 Cleopatra,
1442 3730 1576 3790 quae
1604 3720 1737 3790 post
1768 3712 1978 3784 aciem,
2017 3709 2284 3771 anchoris
2325 3708 2382 3766 in
2417 3707 2546 3767 salo
2577 3709 2781 3785 jactis,

954 3919 979 3953 Ι·
1018 3921 1194 3972 Decem
1228 3923 1367 3986 pedes
1402 3923 1575 3986 alique
1613 3942 1644 3976 ιι
1677 3928 1804 3977 mari
1871 3927 2059 3990 pedum
2083 3925 2306 3990 spatium
2331 3921 2464 3973 strui
2495 3921 2778 3984 potuerint.

890 3977 1109 4049 aber-ane]
1155 3987 1211 4036 Si
1262 3989 1371 4038 haec
1426 3990 1649 4040 altitudo
1703 3991 1802 4042 fuit
1871 3994 2112 4042 Ceterum
2149 3991 2248 4040 hoc
2277 3988 2460 4038 nititur
2487 3999 2667 4050 parum
2691 3983 2777 4060 lir-

892 4049 1229 4100 maximarum
1254 4053 1464 4102 Antonii
1482 4055 1707 4119 navium,
1725 4057 1800 4106 vi·
1869 4070 1953 4105 mo
1994 4065 2081 4104 ant
2115 4055 2284 4116 perito
2320 4061 2534 4102 antenore
2572 4050 2776 4105 Orouion

894 4112 1051 4162 deant
1084 4115 1225 4166 docti
1262 4131 1483 4180 quianam
1524 4119 1678 4184 modo
1711 4120 1800 4170 de·
1870 4119 2006 4183 apud
2039 4134 2189 4184 quaem
2225 4117 2380 4167 etiam
2415 4115 2775 4182 numeri-uota

894 4189 1005 4224 cem
1030 4191 1280 4228 remorum
1306 4181 1531 4239 ordines,
1561 4197 1690 4247 quos
1711 4185 1800 4234 ha-
1872 4182 2023 4236 facile
2046 4183 2216 4236 vitiari
2238 4181 2427 4248 potuit.
2459 4181 2597 4230 Crev-

896 4239 1090 4291 bebant
1128 4242 1227 4293 iuae
1258 4257 1431 4304 naves,
1456 4246 1598 4298 intra
1619 4247 1802 4299 dacem
