3159 4959
878 443 1081 490 sisar
1132 441 1479 494 cxxxiii.
1522 441 2173 498 surpnsmswruu.
2451 433 2634 498 5741-

420 584 747 652 lil'mrnicis,
786 581 977 643 fracto
1016 582 1183 644 navis
1222 605 1345 644 suae
1378 586 1797 664 gubernaculo,
1823 586 2080 666 fusisque
2107 588 2302 648 ‘arma-

419 680 651 749 mentis,
694 681 857 738 littus
902 679 1101 740 Italiae
1142 683 1351 741 tenuit.
1430 683 1471 740 J
1476 703 1571 741 am
1611 692 1987 763 praecesserat
2023 683 2308 743 venientis
2330 701 2448 752 Dio.

420 775 597 834 fama.
682 775 918 834 Idcirco
972 775 1273 835 Brundisii
1322 787 1511 838 totum
1556 778 1740 838 ferme
1783 786 2070 848 senatum,
2119 787 2308 838 totum

421 879 745 949 equestrem
770 870 1055 941 ordinem,
1082 875 1364 950 majorem
1389 883 1616 953 partem
1641 875 1830 954 plebis
1855 877 2090 955 reperit.
2171 873 2308 934 Ne·

422 985 535 1044 que
573 966 949 1042 magistratus
984 977 1378 1026 remanserant
1410 967 1594 1038 domi,
1623 978 1831 1048 praeter
1861 969 2014 1028 duos
2043 970 2312 1030 tribunos

420 1061 633 1141 plebis,
696 1061 1057 1140 totidemque
1118 1071 1420 1140 praetores,
1480 1073 1738 1122 retentos
1789 1064 2309 1124 senatusconsulto.

424 1155 713 1234 Magnum
740 1176 973 1235 quoque
996 1177 1073 1216 ex
1100 1155 1231 1216 aliis
1256 1158 1499 1217 urbibus
1524 1177 1734 1236 agmen
1762 1159 1988 1229 aderat,
2017 1159 2312 1237 legatione

418 1250 807 1329 fungentium,
832 1259 941 1310 aut
962 1260 1167 1330 sponte
1192 1261 1579 1313 accurrentes.
1661 1325 1668 1332 Δ

500 1353 601 1407 26.
646 1347 769 1406 His
812 1348 991 1424 igitur
1029 1347 1241 1406 studiis
1280 1349 1561 1419 omnium,
1603 1357 1667 1407 et
1709 1349 2021 1428 prasentia
2054 1348 2312 1410 Caesaris

422 1443 611 1504 turbae
634 1445 833 1502 statim
860 1442 1299 1502 conticuerunt:
1340 1443 1571 1522 ipsique
1599 1442 2004 1515 adeo-milites,
2021 1444 2126 1503 alii
2141 1445 2312 1504 vultu
2365 1456 2483 1506 Τισ.
2499 1455 2631 1507 Ans.

426 1556 497 1596 ac
520 1559 782 1598 sermone
808 1539 1175 1619 imperatoris
1196 1538 1483 1609 exterriti,
1505 1539 1745 1616 quidam
1769 1559 1897 1618 spe,
1919 1559 2057 1618 pars
2079 1540 2313 1600 evocati
2337 1524 2482 1632 ᾖξ’·

425 1634 499 1693 ad
544 1653 677 1694 eum
719 1635 967 1714 profecti
1004 1642 1161 1696 sunt.
1248 1634 1441 1712 Igitur
1474 1633 1664 1695 levius
1697 1636 2110 1714 expectatione
2137 1655 2312 1713 nego-
2439 1617 2454 1633 ⁰

422 1731 572 1789 tium
621 1730 753 1790 fuit.
838 1730 1136 1799 Pecunia,
1176 1737 1239 1790 et
1290 1731 1550 1790 omnium
1603 1729 1896 1794 bellorum
1945 1731 2120 1790 sociis
2171 1751 2314 1810 agro

426 1826 657 1906 insuper
690 1827 987 1905 promisso,
1024 1824 1331 1886 desideriis
1362 1824 1614 1885 militum
1635 1825 2034 1886 satisfactum.
2116 1826 2316 1886 Pauci
2338 1823 2539 1875 sueton.

426 1921 713 1982 Italorum
739 1941 876 1981 cum
901 1921 1171 1980 Antonio
1195 1929 1511 1980 senserant.
1577 1920 1818 1980 Horum
1845 1941 1984 1998 ager
2011 1928 2072 1979 et
2095 1921 2317 2000 oppida
2339 1889 2459 1939 ”¹⁰

428 2017 601 2077 militi
624 2018 973 2077 distributa:
1016 2017 1127 2095 ipsi
1151 2016 1612 2096 Dyrrhachium,
1629 2025 1693 2074 et
1715 2015 2057 2096 Philippos,
2083 2025 2146 2075 et
2159 2018 2318 2080 ,alias

430 2115 603 2174 urbes
640 2114 1055 2174 transmarinas
1096 2114 1346 2190 trajecti.
1432 2109 1573 2171 Nec
1605 2112 1876 2170 omnibus
1913 2115 2318 2191 repraesentari

428 2210 648 2269 nummi
700 2217 1037 2288 potuerunt.
1120 2208 1482 2286 Quanquam
1542 2208 1702 2266 enim
1754 2217 2001 2282 magnus
2049 2209 2318 2286 pecuniae

428 2306 641 2364 modus
666 2313 963 2384 postrema
1000 2311 1204 2383 partus
1238 2301 1661 2371 eratvictoria,
1691 2302 2010 2378 majoribus
2045 2302 2323 2381 impensis

429 2401 906 2459 exhauriebatur.
990 2397 1231 2458 Idcirco
1254 2397 1459 2457 Caesar
1480 2417 1620 2456 suas
1649 2407 1714 2467 et
1753 2397 2070 2456 amicorum
2094 2417 2322 2476 posses-

430 2497 625 2554 siones
646 2495 1035 2564 subhastavit,
1060 2493 1223 2552 facta
1258 2493 1435 2552 etiam
1474 2499 1764 2573 potestate
1797 2490 2086 2550 militibus
2119 2511 2196 2552 ex
2231 2491 2322 2552 his

432 2590 763 2670 accipiendi
809 2589 969 2668 quod
1014 2587 1341 2648 deberetur.
1394 2586 1493 2646 ·N
1496 2608 1567 2648 ec
1611 2596 1831 2646 emtum
1877 2587 2194 2666 quicquam
2241 2588 2320 2646 ab

432 2685 579 2756 ullo,
612 2706 740 2746 nec
790 2688 850 2744 in
900 2685 1152 2746 solutum
1196 2691 1509 2763 acceptum
1554 2692 1664 2744 est.
1748 2683 1902 2748 Quis
1950 2683 2106 2741 enim
2169 2691 2322 2742 esset

434 2782 649 2840 ausus?
728 2781 951 2841 Tamen
986 2782 1101 2840 ista
1144 2779 1368 2858 species
1408 2787 1758 2858 praetextum
1801 2778 2108 2837 honestum
2149 2777 2317 2837 diffe-

434 2877 629 2936 rendae
672 2877 945 2938 solutioni
980 2875 1253 2957 pr'aebuit,
1296 2875 1487 2936 donec
1532 2874 1715 2954 paulo
1759 2882 1892 2953 post
1923 2893 1998 2932 ex
2037 2873 2322 2953 AEgyptia

436 2974 639 3051 praeda
679 2975 963 3053 promissa
1018 2978 1447 3051 praestarentur.
1529 2968 1654 3029 Sed
1706 2976 1768 3027 et
1817 2967 2073 3046 legiones
2107 2967 2321 3028 deinde
2345 2973 2484 3024 Oros.

436 3068 586 3128 alias
624 3068 757 3128 aliis
796 3069 1023 3148 imperii
1060 3066 1321 3146 partibus
1350 3063 1622 3144 praesidio
1660 3064 1910 3135 futuras,
1949 3063 2114 3123 dicto
2153 3063 2323 3124 audi·
2364 3065 2370 3070 ’

436 3174 599 3226 entes
622 3165 849 3224 habuit.

518 3269 619 3325 2²7.
662 3259 785 3320 His
826 3261 911 3320 ita
950 3257 1255 3328 ordinatis,
1298 3265 1363 3316 et
1401 3257 1493 3316 his
1530 3273 1699 3333 quos,
1730 3253 1908 3313 venia
1944 3253 2112 3321 data,
2152 3263 2326 3312 extra
2349 3281 2464 3332 Dio

441 3357 685 3417 ltaliam
702 3376 939 3416 manere
952 3357 1231 3433 jusserat,
1254 3353 1367 3412 hoc
1399 3351 1712 3412 interdicto
1745 3349 2050 3418 exsolutis,
2076 3349 2328 3408 urbanos

441 3455 545 3532 qui
586 3453 663 3512 ad
706 3454 896 3532 ipsum
940 3471 1056 3511 non
1081 3450 1397 3520 venissent,
1422 3447 1740 3526 negligens,
1777 3448 1928 3506 intra
1967 3445 2324 3506 tricesimum
2349 3468 2545 3517 Sueten

437 3553 620 3623 diem,
647 3571 825 3631 quam
866 3569 943 3610 ex
987 3547 1227 3608 Graecia
1263 3547 1545 3616 solverat,
1582 3545 1790 3606 eodem
1827 3544 2019 3606 rediit.
2103 3545 2210 3616 Et,
2253 3565 2326 3604 ne
2353 3533 2468 3582 ¹³1⁰·

444 3649 651 3707 iterum
674 3645 977 3706 flectendis
1000 3645 1407 3724 promontoriis
1440 3643 1710 3722 hyemem
1749 3641 2054 3700 adversam
2096 3641 2326 3719 experi—
2425 3639 2439 3649 ⁵

442 3747 621 3813 retur,
646 3742 943 3804 translatis
980 3759 1085 3820 per
1127 3738 1419 3799 Isthmum
1456 3739 1725 3807 navibus,
1760 3745 1882 3797 tam
1917 3735 2128 3816 rapido
2158 3756 2328 3796 cursu

442 3849 645 3901 vectus
682 3848 791 3908 est,
818 3847 887 3898 ut
926 3837 1263 3915 Cleopatrae
1304 3853 1377 3896 ac
1402 3834 1676 3894 Antonio
1697 3833 1872 3892 simul
1895 3831 2226 3891 discessisse
2251 3851 2328 3892 ex

442 3932 623 4006 Asia,
649 3944 713 3994 et
735 3935 951 3994 redisse
976 3932 1360 3992 nuntiaretur.

526 4037 625 4090 28.
673 4030 779 4090 Illi
831 4029 1101 4108 (quippe,
1147 4044 1281 4104 quae
1318 4023 1499 4084 fuerit
1544 4023 1750 4083 horum
1795 4021 2029 4082 interim
2071 4022 2328 4094 fortuna,

446 4135 654 4205 quaeve
678 4124 949 4194 consilia,
974 4122 1195 4203 exponi
1218 4128 1510 4180 maturum
1534 4123 1652 4196 est)
1669 4137 1805 4179 cum
1829 4117 1908 4176 ad
1925 4116 2331 4176 Paraetonium
2385 4137 2517 4188 Plut
2536 4147 2586 4189 et

450 4222 866 4301 pervenissent,
892 4233 1231 4298 quanquam
1268 4215 1463 4276 invitis
1498 4215 1731 4285 animis,
1757 4215 1816 4274 in
1837 4213 2070 4274 diversa
2101 4233 2332 4282 cursum
2357 4201 2472 4253 ¹³5⁰·

2625 3309 2638 3342 t
