3159 4959
554 401 737 468 5748

562 862 694 910 Plut.

564 1057 597 1105 J
600 1057 763 1120 oneph.

1500 423 1571 469 T.
1619 417 1812 468 mvn

884 557 1005 620 lum
1034 557 1423 640 proficiscenti
1461 579 1662 619 comes
1683 558 1818 628 fuit,
1845 556 2032 618 donec
2058 557 2116 615 in
2144 556 2378 638 Syriam
2407 551 2772 637 perventum.

888 655 1043 716 Inde
1068 656 1144 715 ad
1171 676 1261 715 res
1284 658 1445 716 domi
1470 654 1830 714 ordinandas
1865 655 1922 714 in
1953 673 2194 732 regnum
2223 647 2488 714 recurrit.
2571 653 2780 713 Caesar

886 755 1117 812 interim
1168 773 1271 832 per
1338 751 1573 832 Syriam
1633 751 1859 810 ducens
1925 751 2271 820 exercitum,
2333 749 2778 820 Alexandrum,

886 869 1059 928 quem
1080 851 1141 908 in
1160 849 1412 908 vinculis
1436 846 1786 918 adduxerat,
1805 847 1866 906 in
1887 847 2080 926 patria
2099 847 2278 926 ipsius
2295 847 2586 927 supplicio
2603 846 2784 924 jussit

888 943 1060 1004 affici.

968 1045 1068 1099 43.
1114 1038 1270 1099 Inde
1294 1038 1670 1099 contendenti
1696 1039 1754 1097 in
1783 1039 2110 1118 AEgyptum
2141 1039 2302 1096 circa
2335 1037 2782 1097 Ptolemaidem

892 1133 1173 1194 Herodes
1194 1135 1451 1195 occurrit
1474 1153 1610 1194 cum
1645 1133 2017 1213 amplissimis
2055 1133 2410 1202 muneribus,
2449 1133 2628 1192 etiam
2671 1135 2780 1192 mi-

890 1229 1093 1290 litibus
1140 1231 1469 1290 necessaria
1517 1228 1886 1308 hospitaliter
1933 1229 2218 1308 praebens.
2299 1226 2505 1308 Ipsum
2546 1247 2786 1308 quoque

892 1324 1191 1384 Caesarem
1208 1345 1343 1385 cum
1370 1325 1572 1385 amicis
1593 1333 1830 1384 centum
1855 1323 2280 1403 quinquaginta
2305 1322 2617 1401 magnifico
2641 1343 2784 1384 con-

891 1420 1051 1479 vivio
1096 1421 1367 1501 excepit:
1408 1428 1493 1488 et,
1538 1419 1681 1497 quia
1725 1439 1829 1498 per
1879 1418 2012 1478 loca
2065 1418 2232 1478 arida
2265 1417 2596 1478 ducendum
2631 1429 2784 1490 erat,

892 1515 979 1576 ita
1018 1515 1293 1596 providit,
1338 1525 1404 1576 ut
1455 1535 1647 1594 neque
1689 1517 1915 1586 vinum,
1977 1534 2192 1593 neque,
2253 1533 2375 1592 qua
2409 1515 2596 1592 magis
2657 1521 2790 1574 erat

890 1631 1060 1693 opus,
1106 1632 1263 1690 aqua
1297 1610 1628 1671 'exercitum
1661 1609 1957 1671 deficeret.
2043 1608 2372 1669 Discedens
2407 1608 2621 1669 deinde
2649 1610 2788 1669 Cae-

892 1709 1009 1766 sari
1050 1707 1275 1766 talenta
1316 1708 1654 1784 octingenta
1671 1707 1698 1742 ⁵
1745 1704 1902 1765 dono
1946 1704 2148 1765 dedit:
2191 1705 2572 1784 omnibusque
2613 1707 2788 1766 rebus

894 1805 979 1862 ita
1012 1823 1074 1862 se
1116 1801 1311 1879 gessit,
1355 1809 1440 1871 ut,
1486 1820 1624 1859 eum
1671 1820 1815 1881 opes
1860 1801 2048 1878 regni,
2083 1798 2244 1878 quod
2277 1801 2540 1868 tenebat,
2597 1803 2800 1863 anim’r

894 1897 1295 1976 magnitudine
1343 1897 1591 1957 multum
1641 1917 2016 1978 exsuperare,
2081 1896 2236 1975 aequi
2285 1895 2586 1974 iniquique
2634 1895 2787 1956 fate-

894 2003 1116 2055 rentur.

610 2107 873 2158 Planmo.
912 2123 923 2128 ·
979 2097 1077 2149 44.
1107 2089 1334 2161 Caesar,
1354 2089 1433 2149 ad
1452 2090 1760 2149 Pelusium
1776 2088 2034 2150 adducto
2049 2088 2333 2157 exercitu,
2353 2086 2652 2148 deditione
2675 2087 2788 2149 Se-

578 2173 719 2223 Oros.

581 2495 714 2546 Plut-

596 3513 727 3564 Plut-

902 2185 1078 2255 leuci,
1090 2205 1275 2263 quem
1296 2186 1570 2266 praesidio
1585 2187 1788 2263 regina
1797 2184 2160 2265 praefecerat,
2177 2183 2462 2263 oppidum
2475 2185 2656 2264 cepit.
2687 2184 2789 2244 In-

901 2280 977 2340 de
1012 2301 1145 2341 cum
1175 2279 1612 2340 Alexandriam
1649 2289 1896 2360 peteret,
1933 2280 2230 2358 equitatus
2267 2279 2475 2338 itinere
2511 2279 2793 2359 fatigatus

901 2377 1201 2457 eruptione
1221 2377 1421 2458 p’ulsus
1445 2387 1535 2437 est
1558 2378 1831 2449 Antonii,
1859 2378 1960 2456 qui
1986 2377 2064 2436 ad
2091 2377 2310 2434 famam
2335 2376 2572 2435 istarum
2601 2397 2792 2436 rerum

903 2474 1075 2532 motis
1094 2493 1125 2531 a
1151 2473 1496 2532 Paraetonio
1516 2474 1741 2543 castris,
1759 2473 1960 2533 urbem
1981 2474 2318 2532 intraverat.
2347 2471 2532 2548 Ergo,
2549 2473 2792 2533 unolmc

904 2567 1055 2627 inter
1070 2576 1159 2626 tot
1180 2569 1426 2628 adversa
1440 2589 1710 2648 prospere
1735 2567 2034 2628 decertato
2053 2569 2370 2627 certamine
2387 2567 2600 2637 laetior,
2619 2589 2794 2648 quam

908 2681 1015 2740 pro
1030 2662 1429 2740 magnitudine
1446 2673 1626 2739 gestae
1645 2663 1750 2732 rei,
1761 2662 2140 2742 Cleopatram
2155 2663 2214 2720 in
2235 2664 2411 2721 armis
2427 2663 2792 2742 complexus,

908 2757 1339 2816 commendavit
1378 2758 1434 2816 ei
1468 2756 1786 2836 quendam,
1829 2759 1934 2836 qui
1978 2778 2098 2838 prae
2123 2759 2332 2818 ceteris
2355 2757 2668 2817 fortimime
2693 2757 2794 2817 illo

911 2850 1007 2909 die
1054 2862 1433 2930 pugnaverat.
1516 2849 1642 2910 Sed
1683 2851 1785 2911 ille
1823 2851 1982 2913 dono
2024 2853 2358 2933 Cleopatrae
2393 2853 2638 2913 loricam
2689 2873 2793 2912 au-

912 2965 1092 3016 ream,
1120 2955 1183 3005 et
1204 2967 1281 3006 ex
1322 2947 1527 3006 eodem
1564 2946 1809 3007 metallo
1839 2947 2068 3026 galeam
2093 2959 2320 3017 nacms,
2345 2953 2482 3008 cum
2507 2949 2601 3008 his
2623 2959 2794 3009 nocte

912 3043 1180 3121 proxima
1203 3042 1282 3101 ad
1308 3043 1610 3102 Caesaoem
1641 3041 1974 3120 transfugit.
2059 3042 2284 3102 Contra
2315 3043 2438 3103 suis
2475 3042 2626 3104 adeo
2651 3043 2794 3104 fide-

910 3142 1019 3200 bat
1056 3139 1280 3209 Caesar,
1318 3149 1385 3198 ut
1415 3139 1650 3199 libellos
1689 3139 1748 3198 in
1781 3147 1974 3198 castra
1997 3142 2322 3218 conjectos,
2367 3141 2582 3219 quibus
2615 3140 2692 3201 ad
2725 3144 2798 3200 se

913 3236 1241 3295 transituris
1278 3234 1551 3295 denarios
1593 3234 1756 3296 mille
1799 3235 2176 3315 quingentos¹
2235 3236 2452 3295 viritim
2498 3236 2801 3297 Antonius

914 3329 1324 3409 pollicebatur,
1340 3332 1466 3409 ipse
1491 3331 1823 3390 recitaverit
1843 3330 2073 3410 palam
2116 3341 2180 3392 et
2193 3333 2448 3411 tempori
2473 3353 2800 3411 congruen-

916 3427 1001 3484 tia
1045 3426 1293 3496 locutus,
1340 3427 1519 3485 etiam
1554 3428 1896 3507 promtiores
1929 3429 2006 3488 ab
2041 3429 2128 3488 ira
2169 3429 2480 3489 solicitatae
2515 3429 2656 3490 fidei
2695 3431 2799 3490 ba·

914 3521 1123 3580 buerit.
1209 3520 1471 3600 Ideoque
1498 3521 1822 3593 Antonius,
1849 3535 2155 3603 postquam
2169 3526 2368 3585 omnia
2389 3528 2638 3585 tentanti
2657 3527 2802 3586 nihil

915 3619 1058 3676 satis
1082 3617 1463 3697 procedebat,
1505 3619 1583 3678 ad
1623 3619 1918 3698 singulare
1941 3629 2240 3680 certamen
2269 3620 2564 3682 Caesarem
2594 3643 2800 3702 provo-

916 3717 1091 3773 cavit.
1177 3713 1295 3774 Ille
1320 3713 1596 3774 deridens
1635 3716 1954 3788 hominem,
1984 3717 2202 3777 multas
2225 3727 2428 3798 patere
2453 3718 2530 3778 ad
2553 3720 2802 3779 exitium

914 3811 1043 3870 vias
1068 3811 1345 3870 morituro
1368 3811 1686 3891 respondit.

986 4007 1013 4042 Ι·
1038 4005 1232 4055 intenta
1246 4007 1541 4071 octingenta]
1558 4008 1615 4058 Si
1634 4009 1830 4058 talenta
1963 4008 1978 4042 ¹
2039 4007 2276 4058 Dea-rm
2327 4011 2455 4059 mille
2503 4011 2805 4076 quingentos]

924 4073 1101 4122 Attica
1147 4072 1493 4134 intelligamus
1550 4087 1644 4136 pro
1687 4087 1828 4122 more
1900 4073 2106 4122 Marcus
2157 4074 2356 4134 argenti
2405 4079 2486 4124 2³.
2539 4078 2711 4126 uncias
2755 4081 2806 4125 8.

922 4135 1091 4194 solito,
1122 4145 1369 4198 exurgent
1401 4151 1590 4188 marcai
1627 4137 1830 4201 argenti
1897 4138 2210 4187 semunciam
2237 4141 2282 4188 1.
2308 4139 2456 4190 'Cr-ev.

922 4203 1099 4250 75000.
1128 4200 1269 4250 Creo.
