3159 4959
925 401 1134 453 nunu
1181 368 2119 458 cxxi1.-sum.nussmuu.
2450 390 2623 457 6505

425 546 484 606 in
523 548 688 613 urbe,
727 552 812 615 et,
855 546 998 625 quia
1036 556 1273 627 propter
1309 549 1627 609 tumultum
1666 549 2113 627 ineendiumque
2154 546 2297 610 nihil

423 640 628 721 profici
667 651 920 723 poterat,
955 662 1218 719 egressus
1259 654 1453 723 porta,
1495 664 1801 724 murosque
1836 646 2297 713 circumvehens,

421 736 698 795 tendebat
734 736 814 795 ad
857 738 1158 797 Xanthios
1195 758 1422 808 manus,
1465 748 1484 773 ‘
1514 740 1626 798 sibi
1664 748 1989 818 parcerent,
2018 760 2197 818 seque
2236 748 2299 799 et

417 830 698 911 oppidum
723 834 1059 892 servarent?

497 931 598 985 30.
638 926 734 985 At
773 926 862 985 iili
895 926 1064 987 fatali
1105 927 1268 986 rabie
1305 927 1428 987 tela
1465 927 1799 988 incendium
1822 930 2299 1005 extinguentibus

417 1019 777 1097 ingerebant.
861 1021 1197 1091 Postrenm,
1235 1022 1454 1081 clausis
1496 1023 1789 1092 domibus,
1824 1042 1887 1081 se
1914 1034 2295 1103 parentesque
2322 1038 2435 1089 Dio.

415 1123 476 1173 ot
499 1114 716 1175 liberos
735 1116 1096 1176 oeciderunt.
1167 1116 1326 1186 Alii,
1363 1136 1472 1177 noo
1499 1116 1721 1177 firmior
1744 1126 1971 1177 tantum
1996 1127 2161 1189 aas,
2192 1120 2295 1179 aod
2318 1104 2531 1222 333³&

417 1212 586 1288 parvi
623 1211 788 1289 pueri
827 1220 1006 1289 atque
1049 1210 1290 1290 puellae,
1333 1211 1671 1271 insiliebant
1714 1212 1771 1271 in
1824 1212 2039 1290 ignem,
2088 1222 2193 1274 aut
2234 1216 2295 1275 in
2438 1205 2449 1217 ⁶

416 1324 680 1384 praeceps
717 1305 1106 1365 demittebant
1139 1324 1428 1385 corpora:
1489 1326 1623 1385 pars
1656 1306 1933 1384 jugulum
1974 1308 2299 1387 prebentes

418 1401 676 1479 paternis
715 1400 968 1469 ensibus,
1009 1402 1070 1459 in
1106 1401 1436 1461 libertatem
1479 1403 1655 1461 asseri
1692 1401 2085 1481 posmlabant.
2168 1404 2297 1465 Re-

417 1494 606 1555 latum
629 1496 811 1555 etiam
829 1495 908 1555 ad
925 1496 1178 1555 Brutum
1201 1505 1312 1565 est,
1339 1495 1637 1556 mulierem
1662 1498 1923 1576 conspici
1950 1498 2297 1577 pendentem

417 1610 495 1652 ex
533 1590 772 1671 laqueo,
809 1612 942 1672 quae
975 1592 1286 1671 parvulum
1317 1591 1601 1651 infantem
1640 1612 1675 1651 e
1714 1592 1873 1652 collo
1913 1612 2017 1653 suo
2056 1613 2295 1674 suspen-

419 1687 618 1755 disset,
645 1686 830 1747 altera
853 1706 1030 1747 manu
1055 1686 1250 1747 adhuc
1275 1696 1500 1747 teneret
1523 1686 1717 1747 facem
1744 1687 2043 1748 ardentem
2066 1688 2297 1749 inflam-

417 1782 762 1842 mandamm
785 1782 1000 1843 aedium
1019 1784 1208 1861 gratia
1233 1792 1482 1865 raptam.
1561 1782 1639 1842 Id
1662 1784 1861 1843 videre
1888 1802 2003 1843 uon
2026 1786 2299 1845 sustinuit

419 1878 672 1945 Brutusz
715 1879 818 1938 sed
841 1879 1238 1958 illacrymans,
1275 1879 1578 1958 praemium
1622 1879 1987 1958 pronuntiari
2014 1880 2197 1956 jussit
2234 1881 2295 1941 in

419 1974 654 2045 milites,
687 1975 736 2033 si
775 1976 906 2054 quis
931 1976 1266 2035 Xanthium
1301 1983 1721 2035 conservasset.
1804 1972 1927 2035 Sed
1970 1974 2081 2047 illi,
2112 1977 2293 2054 jugu-

417 2070 554 2131 latis
577 2072 694 2129 suis
717 2072 1006 2141 omnibus,
1045 2080 1109 2131 et
1148 2072 1208 2129 in
1243 2090 1416 2147 rogos
1447 2071 1753 2148 conjectis,
1794 2090 1967 2149 super
2000 2071 2294 2131 incensam

415 2164 700 2243 lignorum
725 2176 944 2226 struem
969 2187 1032 2227 se
1059 2166 1420 2226 transfodere
1445 2166 1764 2225 malebant.
1840 2166 2037 2241 Igitur
2068 2184 2298 2225 summa
2318 2181 2527 2245 Appiam

418 2261 594 2321 Bruti
617 2282 760 2321 cura
783 2265 890 2321 vix
909 2262 986 2321 ad
1007 2262 1234 2340 templa
1249 2261 1520 2339 quaedam
1544 2258 1834 2321 servanda
1857 2259 2093 2339 profuit.
2160 2258 2297 2320 Ho-
2353 2276 2485 2325 Plut.
2506 2284 2561 2325 et

418 2357 606 2415 mines
653 2355 892 2434 quidem
932 2356 1168 2433 ingenui
1207 2364 1442 2415 centum
1484 2353 1912 2433 quinquaginta
1950 2354 2297 2435 superfuisse
2320 2340 2532 2405 Appia.

414 2451 746 2518 traduntur,
775 2449 1068 2509 molliores
1089 2450 1316 2519 ceteris,
1343 2458 1406 2509 et
1431 2449 1781 2509 amantiores
1806 2449 1961 2509 ritae.

493 2552 594 2607 81.
635 2545 740 2606 Sic
765 2546 1024 2605 Xanthii
1048 2546 1340 2625 perierunt
1369 2564 1474 2625 pro
1501 2543 1797 2614 libertate,
1832 2547 2083 2624 majores
2109 2566 2291 2606 aunu-

413 2642 543 2711 lati,
573 2662 820 2721 quorum
848 2662 955 2721 par
979 2642 1316 2720 pervicacia
1341 2650 1516 2699 antea
1539 2660 1775 2719 quoque
1804 2642 2049 2720 pau-iam
2075 2642 2291 2703 civium

412 2738 680 2799 manibus
705 2736 1053 2817 perdiderat.
1137 2736 1244 2795 Ab
1273 2736 1565 2816 Harpago
1589 2746 1745 2795 certe
1770 2738 2113 2815 oppugnati,
2142 2738 2293 2815 reg-is
2313 2761 2541 2813 Herodot.
2570 2778 2608 2813 1,

415 2834 562 2913 Cyri
605 2833 906 2913 praefecto,
953 2852 1024 2893 ne
1069 2832 1372 2891 Persicam
1417 2832 1755 2891 servitutem
1800 2840 2162 2911 paterentur,
2200 2834 2289 2891 in-

413 2928 622 2989 cendio
655 2940 719 2989 et
749 2931 930 2989 ruinis
951 2928 1158 3009 oppidi
1189 2948 1252 2987 se
1291 2928 1671 2987 tumularunt.
1756 2926 2043 3007 Idemque
2085 2928 2291 2987 iterum

413 3026 690 3087 accidisse
711 3026 1030 3107 Appianas
1054 3025 1252 3095 tradit,
1279 3023 1617 3084 Alexandri
1642 3023 1803 3084 bello
1831 3025 2099 3087 Persico.
2169 3024 2291 3085 Sed
2345 3038 2533 3086 Arrius.
2546 3037 2609 3086 de

412 3123 708 3183 Arrianus
725 3131 788 3181 et
809 3120 1128 3192 Diodorus,
1155 3106 1366 3200 'quibua
1387 3120 1625 3180 eredere
1644 3120 1837 3190 maiis,
1866 3121 1969 3181 1110
1992 3119 2293 3182 xanthios
2314 3102 2436 3213 {¹1²-
2446 3102 2585 3151 ‘²¹⁰⁸-

411 3220 636 3279 veniae
662 3217 960 3278 deditione
987 3218 1044 3275 in
1073 3216 1250 3276 fidem
1275 3217 1510 3284 scribit3
1561 3215 1886 3283 Diodorus,
1932 3216 2135 3295 Lyciis
2156 3220 2295 3297 qui·
2314 3228 2462 3280 Diod.
2476 3246 2607 3278 xvu.

413 3316 574 3385 dem,
605 3316 707 3375 sed
738 3314 1234 3375 Marmarensibus
1259 3314 1456 3373 nescio
1481 3313 1716 3392 quibus,
1742 3311 1992 3373 eandem
2014 3313 2290 3375 ferociam
2588 3324 2593 3333 '

409 3412 748 3490 exitumque
772 3410 970 3470 fuisse,

489 3512 590 3567 32.
623 3506 872 3566 Xantho
899 3516 1100 3586 capta,
1141 3506 1366 3565 Brutus
1389 3505 1467 3564 ad
1495 3504 1725 3564 Patara
1759 3504 2087 3576 descendit,
2128 3507 2289 3585 quod
2344 3536 2462 3585 mo,
2498 3538 2601 3601 Ap-

411 3603 686 3682 oppidum
725 3602 912 3661 videri
953 3601 1166 3661 navale
1209 3602 1609 3661 Xanthiorum
1654 3608 1903 3681 poterat.
2004 3600 2127 3661 Sed
2166 3604 2287 3663 vim
2309 3600 2439 3711 {1⁸¹²-

413 3700 722 3759 admovere
745 3698 1115 3768 coutebatur,
1160 3698 1408 3757 eandem
1442 3698 1500 3755 in
1529 3696 1621 3755 his
1646 3696 1977 3757 vecordiam
2002 3708 2285 3769 metuens,
2351 3666 2439 3712 Μ’

411 3814 592 3876 quam
619 3802 894 3875 expertus
919 3795 982 3854 in
1011 3796 1298 3853 Xanthiis
1317 3802 1485 3853 esset.
1569 3787 1803 3852 Idcirco
1830 3792 1989 3871 prius
2022 3794 2288 3871 captivos
2348 3824 2437 3873 Dio
2463 3835 2515 3873 Θ,

405 3892 466 3951 in
503 3898 880 3971 conspectum
920 3908 1118 3949 eorum
1159 3889 1432 3959 adduxit,
1471 3888 1823 3955 hortaturos,
1864 3894 1929 3944 ut
1966 3905 2073 3945 sua
2113 3886 2285 3947 clade
2308 3888 2519 3954 Appiam.

389 3987 690 4048 ·ad1noniti
741 3988 976 4045 saniora
1027 3985 1274 4044 consilia
1323 3991 1713 4063 capesserent.
1816 3981 1980 4047 Quin
2031 3992 2095 4042 et
2142 4002 2285 4043 non-

403 4082 598 4143 nullos
621 4075 962 4142 necessariis
997 4081 1118 4138 suis
1147 4077 1302 4138 dono
1327 4078 1511 4137 dedit.
1592 4076 1748 4135 Cum
1788 4076 1936 4135 nihil
1972 4078 2283 4158 responde-

404 4188 581 4252 retur,
620 4196 896 4241 concessa
930 4176 1008 4237 ad
1044 4174 1489 4237 deliberandum
1527 4172 1754 4253 reliqua
1792 4183 1959 4254 parte
1992 4172 2132 4247 diei,
2174 4176 2283 4234 ab·

403 4279 579 4341 duxit
602 4280 820 4361 copias.
