3159 4959
886 428 1088 477 mum
1138 428 1392 478 oxxn.
1439 428 2083 477 surrnnnsnrtm.
2416 406 2588 475 5497!

387 562 556 649 gatos
587 570 842 635 illudere
883 578 1122 631 senatus
1159 572 1424 642 obtentu,
1477 592 1653 651 quem
1702 572 1893 632 sciant
1932 588 2281 650 oppressum

386 684 494 743 per
515 668 1042 746 tyrannos-patrie,
1067 667 1414 747 dissipatum
1447 677 1623 745 atque
1658 667 1979 746 dispersum
2002 687 2107 745 per
2128 688 2263 747 pro-

385 761 622 819 vincias.
705 761 830 821 Sed
865 764 1044 823 brevi
1090 782 1292 843 poenas
1333 762 1576 822 daturos
1612 772 1677 821 et
1718 763 1877 833 illos,
1924 771 1987 822 et
2030 761 2261 821 illorum

382 856 570 915 socios
597 855 892 927 Rhodios,
921 858 982 916 ni
1005 858 1308 918 confestim
1333 859 1621 937 imperata
1644 856 1908 917 faciant!

461 959 522 1013 9.
553 950 730 1011 -Hoee
768 951 958 1013 relata
989 952 1378 1013 diversimode
1417 953 1741 1013 affecerunt
1775 953 2079 1013 civitatem
2112 952 2265 1013 inter

381 1066 444 1105 ae
477 1046 782 1107 contrariis
805 1047 1014 1109 studiis
1033 1048 1518 1127 opinionibusque
1547 1048 1821 1107 divisam.
1902 1047 2265 1107 Prudentio-

383 1160 496 1211 res,
523 1149 586 1201 et
609 1142 824 1221 quibus
845 1160 938 1203 res
973 1151 1122 1214 erat,
1147 1143 1374 1203 bellum
1397 1142 1741 1203 Romam
1774 1141 1937 1201 haud
1970 1162 2137 1203 soene
2174 1152 2265 1202 at-

381 1252 496 1315 que
520 1246 746 1297 eertum
767 1238 1020 1297 exitium
1044 1258 1476 1317 expaveseere:
1518 1238 1729 1317 vulgus
1751 1257 1853 1319 per
1874 1258 1937 1297 se
1962 1238 2268 1307 stolidum,

381 1340 444 1390 et
481 1332 874 1410 periculorum
919 1342 1057 1392 ante
1105 1334 1526 1412 experientiam
1575 1342 1881 1413 appetens,
1924 1333 2265 1393 Alexandri

385 1424 772 1505 Mnaseaeque
809 1415 1190 1489 concionibus
1227 1426 1439 1498 inflari,
1491 1436 1713 1489 veteres
1761 1428 2019 1489 civitatis
2058 1427 2267 1488 laudes

379 1522 798 1593 resonantium,
827 1531 845 1559 ‘
869 1532 930 1582 et
963 1532 1186 1603 quanto
1219 1526 1431 1602 majori
1473 1544 1713 1584 numero
1746 1524 1979 1584 navium
2014 1524 2203 1603 petita
2227 1543 2268 1583 a

382 1616 756 1690 Mithridate,
799 1640 838 1679 a
880 1619 1204 1691 Demetrio,
1239 1621 1492 1698 regibus,
1523 1622 1749 1681 invicta
1782 1621 2075 1681 stetisset!
2158 1620 2267 1681 Ad

381 1713 510 1772 haee
551 1722 864 1794 conspeetu
897 1734 1024 1775 sure
1061 1715 1266 1775 elassis
1301 1716 1694 1795 erigebantur.
1778 1714 1947 1774 Nam
1986 1734 2061 1775 ex
2103 1716 2265 1775 omni

381 1810 554 1888 copia
577 1810 814 1871 navium
841 1820 960 1871 tres
977 1820 1041 1871 et
1065 1813 1304 1890 triginta
1325 1810 1591 1872 delectas
1612 1812 2001 1871 deduxerant.
2070 1810 2265 1888 Igitur

379 1922 514 1964 eum
573 1904 726 1964 forte
781 1906 1050 1966 creandis
1107 1908 1544 1985 magistratibus
1600 1907 1841 1969 comitia
1888 1908 2264 1973 haberentur,

381 1999 730 2060 Alexander
765 2002 956 2063 factus
981 2003 1290 2083 Prytanis,
1327 2024 1462 2083 quoe
1495 2004 1795 2083 praeoipua
1816 2013 1941 2063 tum
1974 2010 2103 2062 erat
2132 2001 2261 2079 dig-

379 2096 551 2165 nitas,
582 2095 862 2156 Mnaseas
883 2098 1057 2156 classi
1080 2098 1397 2176 praefeetus
1417 2108 1525 2159 est.

457 2197 556 2249 10.
602 2190 826 2251 Iterum
865 2200 1064 2251 tamen
1105 2190 1184 2251 ad
1219 2192 1489 2251 Cassium
1526 2194 1682 2251 mitti
1724 2192 2093 2253 Archelaum
2134 2191 2261 2269 pla·

375 2285 522 2354 cuit,
567 2306 688 2365 quo
732 2288 1010 2365 magistro
1051 2286 1296 2345 Cassius
1333 2286 1479 2345 olim
1527 2287 1759 2345 Graecis
1802 2288 1985 2345 literis
2028 2304 2265 2364 operam

379 2378 592 2438 Rhodi
617 2378 880 2439 dederat.
965 2378 1175 2457 Atque
1198 2381 1270 2449 is,
1297 2400 1404 2458 pro
1427 2381 1609 2439 veteri
1634 2380 2031 2441 familiaritate
2056 2399 2263 2459 appre-

374 2475 562 2533 hensa
607 2473 1069 2545 Cassiidextra,
1114 2482 1131 2509 ⁴
1161 2472 1266 2532 Dii
1297 2474 1485 2543 vero,'
1521 2475 1732 2553 inquit,
1774 2484 1793 2511 ‘
1816 2474 2111 2535 meliorem
2154 2478 2263 2537 tibi

374 2578 653 2640 mentem,
693 2570 767 2629 C.
806 2568 1002 2641 Cassi,
1040 2589 1217 2648 qnam
1258 2577 1325 2628 ut
1365 2568 1642 2629 Graecam
1686 2572 1891 2630 urbem
1930 2572 2261 2645 exscindas,

377 2665 612 2729 Graeeae
639 2666 892 2725 nationis
921 2668 1187 2735 amator3
1232 2674 1336 2725 aut
1364 2664 1637 2737 liberam,
1664 2676 1913 2727 assertor
1948 2666 2259 2729 libertatis.

377 2760 498 2820 Sed
523 2780 714 2840 neque
743 2760 952 2822 Dorici
975 2761 1226 2819 nominis
1247 2758 1597 2839 dignitatem
1624 2764 2013 2832 contemneris,
2039 2763 2261 2825 oblitus
2328 2782 2514 2841 strabo,

375 2856 898 2935 pulcherrimarum
923 2856 1158 2925 artium,
1173 2875 1324 2935 quas
1347 2856 1562 2935 partim
1588 2854 1819 2926 Rhodi,
1840 2858 2057 2936 partim
2080 2860 2259 2918 etiam
2280 2852 2586 2959 X¹v⁰ipi=⁶⁵³⁶

377 2948 594 3009 Romae
617 2950 912 3011 didicisti:
956 2949 1164 3010 Rhodi
1184 2950 1445 3029 quidem,
1464 2960 1669 3011 eontra
1686 2970 1855 3029 reges
1874 2971 1980 3031 pro
2008 2952 2257 3030 legibus,
2332 2926 2397 2975 pp
2416 2928 2445 2960 ⁸
2482 2945 2495 2960 ⁸

377 3065 622 3127 quarum
649 3066 884 3125 quoque
907 3054 968 3105 te
991 3045 1290 3105 vindicem
1323 3044 1585 3125 praet‘ers,
1610 3047 1843 3125 egregia
1878 3058 2079 3126 gesta:
2124 3048 2257 3108 Ro-

373 3160 508 3213 mae,
535 3160 748 3219 magna
771 3160 912 3219 erga
948 3140 1288 3201 Romanum
1329 3160 1538 3201 nomen
1565 3142 1825 3201 civitatis
1849 3152 2061 3203 nostrae
2086 3146 2255 3202 meri-

375 3250 460 3308 ta,
487 3239 882 3316 eximiamque
921 3236 1124 3307 fidem,
1151 3256 1330 3315 quam
1367 3244 1428 3295 et
1466 3236 1767 3307 Antiochi,
1794 3236 1955 3297 bello
1984 3239 2173 3308 vobis,
2199 3249 2259 3298 et

375 3330 575 3391 multis
599 3332 730 3391 aliis
754 3321 907 3392 loeis‘
923 3332 1393 3411 temporibusque
1433 3330 1667 3391 Rhodii
1700 3332 2091 3413 praestitimus.
2179 3334 2267 3406 Et

373 3426 506 3486 haee
548 3426 789 3507 quidem
831 3428 1188 3497 summatim,
1233 3436 1301 3487 ut
1341 3428 1400 3486 in
1446 3428 1621 3487 rebus
1660 3430 1833 3501 notis,
1876 3438 1937 3489 et
1980 3428 2259 3489 adversus

373 3522 665 3583 hominem
701 3524 1014 3595 eruditum,
1041 3521 1117 3582 de
1151 3521 1438 3601 dig-nitate
1478 3524 1724 3600 generis,
1750 3533 1813 3583 et
1850 3525 2085 3601 originis
2124 3545 2257 3583 nos-

375 3627 505 3688 trae,
529 3618 606 3679 de
631 3621 978 3681 intemerata
1009 3620 1166 3679 hune
1199 3638 1384 3697 usque
1413 3619 1474 3677 in
1507 3618 1665 3677 diem
1702 3618 1995 3699 libertate,
2022 3620 2097 3679 de
2132 3640 2253 3680 me·-

373 3712 524 3783 ritis,
549 3724 724 3793 atque
751 3726 1034 3795 perpetuo
1073 3734 1214 3793 erg-a
1248 3714 1530 3794 populum
1571 3714 1913 3775 Romanum
1950 3708 2146 3777 studio
2184 3734 2257 3774 ae

375 3808 764 3888 prolixissima
786 3811 1114 3881 voluntate,
1139 3810 1302 3870 dicta
1324 3820 1516 3869 sunm.

453 3912 554 3965 11.
597 3916 616 3943 ⁴
635 3906 932 3969 Privatim
955 3926 1096 3967 vero
1129 3914 1325 3968 tecum
1359 3906 1530 3986 plura
1554 3926 1678 3966 esse
1704 3905 2029 3967 debuerunt
2054 3908 2255 3966 amiei-

371 4002 472 4061 tiae
499 4001 1042 4081 benevolentiaeque
1070 4000 1327 4069 vincula,
1355 4000 1430 4058 G.
1474 4000 1645 4059 Cassi
1668 4020 1683 4058 ε
1727 4020 1861 4079 qua».
1886 4022 2255 4085 nequaquam
2278 4023 2397 4074 Dio.

371 4098 496 4157 sine
519 4099 732 4177 probro
757 4099 1074 4178 abruperis.
1140 4094 1344 4155 Rhodi
1373 4094 1655 4155 educatus
1680 4116 1765 4167 es,
1794 4096 1997 4157 Rhodi
2026 4102 2253 4166 institu-
2278 4090 2493 4153 Appiam.

376 4203 502 4253 tus:
545 4196 606 4253 in
653 4194 761 4254 illa
796 4194 942 4254 urbe
977 4202 1226 4273 aegrotus
1263 4190 1522 4252 remedia
1536 4190 1895 4276 ,valetudinh
1922 4202 2254 4279 peregrinus

502 4305 677 4371 Delph.
696 4312 746 4357 et
771 4306 884 4357 Ver.
907 4306 1034 4357 Cius.
1368 4303 1550 4354 Livius.
2304 4318 2364 4365 lc·
2400 4314 2445 4363 D
