3159 4959
833 420 1038 469 melu
1086 418 1356 468 cxxvi.
1399 414 2051 468 snrrnnunn‘run.
2376 400 2553 471 5⁶06

331 576 576 620 cansam
611 557 862 619 Caesaris
905 558 1589 639 plurimumadjuverat,
1616 568 1679 619 et
1704 558 1949 620 Flavius
1982 558 2225 640 quidam
2284 571 2385 623 Dio
2416 584 2465 623 et

333 665 400 714 et
425 653 672 714 Clodius
707 654 1065 733 Bithynicus
1093 656 1410 735 perierunt,
1437 664 1498 714 et
1531 655 1639 713 alii
1678 664 1845 715 tanto
1870 676 2132 726 numero,
2160 664 2229 715 ut
2250 638 2461 703 ΔΡΡΜ·

331 758 642 819 trecentos,
671 759 774 809 aut
805 751 984 810 etiam
1023 750 1486 829 quadringentos
1521 752 1825 830 utriusque
1850 736 2092 821 ordinis,
2118 750 2223 811 de-
2244 750 2379 801 suet.
2398 750 2515 800 Dio·

329 843 520 905 lectos
553 866 588 903 e
617 844 926 915 dedititiis,
963 845 1180 907 Idibus
1218 846 1478 916 Martiis,
1505 846 1582 905 ad
1620 865 1783 906 aram
1812 846 1895 906 D.
1924 846 2091 907 Julio
2114 866 2221 906 ex·-
2278 849 2450 898 senoc.
2483 850 2544 897 de

323 948 626 1003 abactam·
641 960 800 1000 more
835 942 1206 1001 victimarum
1247 940 1580 1001 immolatos
1616 940 1827 1002 ferant.
1907 942 2109 1003 Caesar
2142 941 2221 1001 ad
2246 912 2545 1041 ffifssssu'

325 1035 636 1115 haeccogi
673 1037 754 1096 ab
791 1038 1058 1097 exercitu
1103 1038 1500 1116 querebatur:
1569 1057 1685 1097 nec
1730 1036 1865 1097 ideo
1916 1041 2220 1119 persuasit.
2244 1040 2443 1091 sueton.

325 1132 496 1199 Quin
523 1132 762 1191 fuerunt
783 1134 888 1213 qui
914 1132 1234 1203 traderent,
1260 1134 1340 1192 ab
1367 1134 1496 1212 ipso
1521 1132 1635 1191 hoc
1656 1131 1975 1192 conflatum
1998 1134 2223 1194 bellum

321 1247 450 1287 esse
487 1227 636 1289 data
669 1250 874 1309 opera,
921 1239 989 1288 ut
1009 1222 1224 1289 'muli
1261 1236 1442 1307 atque
1483 1228 1705 1288 inimici
1736 1228 2009 1300 latentes,
2049 1231 2225 1310 copia

321 1322 498 1385 ducis
523 1344 587 1383 se
611 1324 914 1396 offerente,
945 1323 1232 1385 nudarent
1270 1325 1516 1395 animos,
1542 1325 1815 1403 vincique
1838 1333 1900 1385 et
1922 1324 2223 1385 facultati-

320 1419 442 1477 bus
465 1420 860 1499 exuipossent
873 1441 894 1481 ε
915 1421 1072 1481 unde
1091 1423 1372 1501 pmmima
1393 1423 1689 1481 veteranis
1703 1422 1945 1501 premia
1964 1420 2219 1482 confice-

321 1523 548 1575 rentur.
634 1514 740 1575 Sic
766 1515 1060 1576 Perusina
1095 1514 1304 1586 fames,
1329 1536 1466 1597 quae
1503 1536 1645 1577 mox
1675 1524 1911 1597 propter
1932 1536 2219 1577 summum
2275 1532 2460 1583 Lam.
2480 1551 2520 1583 ι.

321 1610 584 1691 exempli
637 1611 928 1671 horrorem
977 1610 1140 1671 velut
1183 1613 1494 1691 proverbio
1521 1612 1747 1691 jactari
1784 1614 1985 1693 coepit,
2032 1622 2217 1673 totam
2240 1601 2326 1648 ⁴¹·

325 1703 570 1769 Italiam
595 1705 1131 1767 formidolosissimo
1155 1706 1318 1769 bello
1343 1706 1641 1768 liberavit.
2240 1712 2458 1776 Appian-

403 1809 506 1865 32.
551 1802 838 1863 Maximae
881 1805 1038 1863 enim
1086 1804 1240 1864 vires
1284 1805 1759 1865 Antoninorum
1804 1805 2080 1873 fuerant:
2140 1804 2219 1863 C.

322 1898 598 1969 Asinius,
627 1898 696 1958 L.
725 1900 1014 1971 Plancus,
1042 1900 1124 1960 P.
1150 1898 1494 1972 Ventidius,
1522 1900 1607 1961 P.
1634 1900 1922 1961 Canidius
1948 1901 2217 1971 Crassus,
2256 1904 2542 1971 Pigh.Ana.

321 1993 570 2066 Ateius,
609 1994 832 2075 aliique
877 1995 1083 2067 duces,
1105 1996 1414 2057 tredecim
1455 1996 1751 2057 exercitus
1792 1996 2111 2069 ducebant,
2154 2008 2218 2058 et
2240 1972 2519 2083 ffm'n&

322 2090 588 2169 equitum
612 2110 718 2151 sex
741 2090 932 2151 millia
956 2093 1324 2171 quingentos.
1409 2092 1506 2151 Hi
1531 2091 1799 2171 plerique
1822 2112 2025 2152 omnes
2048 2093 2217 2153 Lucii

319 2208 464 2249 casu
505 2189 772 2250 exterriti
815 2190 892 2249 ad
945 2208 1106 2249 mare
1153 2188 1607 2258 descenderunt,
1662 2188 2063 2259 Brundisium,
2116 2200 2221 2249 aut

321 2282 709 2355 Ravennam,
735 2293 840 2344 aut
858 2283 1184 2343 Tarentum
1220 2292 1527 2363 petentes:
1571 2292 1753 2362 atque
1790 2282 1930 2343 inde
1972 2302 2105 2364 pars
2142 2285 2219 2347 ad
2242 2294 2360 2347 Dio.

319 2378 710 2458 Pompeium,
740 2380 1160 2460 Mur-cumque,
1185 2388 1250 2437 et
1274 2379 1743 2439 Ahenobarbum
1768 2398 1893 2439 sese
1933 2380 2185 2440 contulit
2198 2401 2217 2450 ς
2244 2360 2451 2424 ΔΡΡΜ·

321 2474 814 2535 alii-transierunt
847 2474 926 2534 ad
961 2474 1052 2535 Μ.
1081 2474 1432 2533 Antonium.
1517 2473 1991 2553 Insequehantur
2017 2475 2215 2537 em·-

319 2570 470 2631 riaui
525 2576 736 2650 pacem
787 2570 1118 2641 offerentes,
1169 2580 1234 2631 et
1289 2571 1737 2630 contumacibus
1794 2570 2012 2631 infesti.
2096 2572 2219 2633 Sed

323 2666 468 2729 nihil
509 2664 740 2727 efficere
781 2666 1160 2727 memorabile
1201 2675 1537 2746 potuerunt,
1579 2666 1691 2725 nisi
1732 2666 1895 2745 quod
1940 2668 2219 2749 Agrippa

323 2761 470 2825 duas
509 2764 778 2843 legiones
817 2763 894 2825 ad
935 2784 996 2823 se
1043 2763 1396 2834 transduxit,
1436 2784 1591 2843 quas
1628 2762 1899 2823 Plancus
1926 2764 2214 2824 Cameria

325 2858 658 2940 reliquerat.
742 2860 950 2940 Atque
977 2860 1138 2919 idem
1166 2860 1458 2929 Plancus,
1485 2859 1713 2939 reliquo
1738 2859 1917 2919 etiam
1954 2861 2215 2919 exercitu
2242 2868 2536 2945 vem-nde.

326 2953 616 3031 ignaviter
637 2956 888 3027 deserto,
918 2956 1150 3015 Fulvia!
1174 2976 1308 3015 cum
1334 2955 1532 3015 liberis
1555 2955 1803 3033 fugienti
1838 2974 1903 3014 se
1940 2954 2221 3034 adjunxit
2239 2932 2456 2999 Appun.

325 3052 638 3111 comitem:
677 3061 862 3132 atque
897 3052 1002 3113 illa
1035 3072 1172 3111 cnm
1209 3052 1400 3112 tribus
1437 3050 1703 3109 millibus
1740 3052 2027 3129 equitum,
2068 3070 2217 3129 quos

327 3146 382 3205 ei
429 3148 638 3209 duces.
663 3148 916 3228 prasidii
965 3166 1148 3207 causa
1199 3146 1572 3216 addiderant,
1630 3145 1921 3205 Puteolos
1968 3154 2029 3205 et
2076 3146 2215 3207 inde

2290 2036 2454 2099 ppt-n.

331 3243 722 3306 Brundisium.
745 3244 1074 3315 contendit,
1115 3263 1250 3302 cum
1297 3242 1548 3301 navibus
1592 3241 1781 3319 longis
1818 3241 2100 3320 quinque,
2138 3242 2215 3301 ad

325 3339 440 3403 hoc
457 3362 494 3401 e
525 3340 890 3401 Macedonia
914 3340 1140 3409 accitis,
1169 3338 1246 3397 ad
1272 3339 1462 3399 virum
1497 3338 1835 3415 trajectura.
1918 3335 2214 3418 Reliquo-

329 3454 472 3499 mm.=
491 3436 764 3497 nonnulli
801 3438 1202 3516 adjunxerunt
1227 3456 1292 3495 se
1318 3433 1400 3495 P.
1425 3434 1739 3497 Ventidio.
1820 3433 1941 3495 Sed
1968 3434 2214 3497 Asinius
2239 3442 2370 3497 Veu.

329 3530 558 3605 Pollio,
581 3534 845 3613 quicum
869 3540 1096 3613 septem
1134 3532 1466 3610 legionibus
1492 3530 1813 3591 Venetiam
1852 3530 1955 3589 diu
1994 3532 2211 3591 retinn-

331 3628 770 3701 eratAntonio,
794 3648 1152 3707 magnasque
1177 3647 1268 3687 res
1289 3628 1454 3687 circa
1469 3625 1749 3686 Altinum
1774 3636 2051 3705 gesserat,
2070 3626 2211 3690 dum

332 3720 658 3785 Antonium
704 3727 878 3805 petit,
935 3724 1268 3785 Domitium
1319 3722 1813 3793 Ahenobarbum,
1864 3722 1985 3783 fide
2042 3721 2209 3793 data,

331 3820 664 3883 msduxit
687 3822 766 3881 ad
805 3830 1020 3901 putes.
1105 3820 1613 3899 scripseruntque.
1634 3820 1809 3878 ambo
1846 3818 1925 3877 ad
1949 3817 2211 3878 Antoni-
2236 3826 2353 3877 Dio.

331 3934 448 3987 um,
483 3916 656 3996 eique
693 3926 978 3996 tanquam
1017 3934 1156 3975 mox
1191 3914 1472 3985 affuturo,
1509 3914 1919 3975 exscensiones
1956 3922 2019 3972 et
2052 3930 2211 3973 com·
2236 3892 2447 3959 ΛΡΜ

331 4022 552 4075 meatus
617 4013 1024 4094 providebant.
1123 4010 1345 4070 Sextus
1400 4028 1637 4090 quoque
1699 4009 2046 4091 Pompeius,
2109 4030 2213 4091 per
2234 4024 2355 4082 Dio,

335 4106 548 4171 Juliam
585 4110 844 4171 Antonii
877 4117 1146 4178 matrem,
1187 4126 1366 4186 quam
1405 4107 1464 4165 in
1507 4106 1721 4167 Sicilia
1750 4106 1999 4168 comiter
2032 4126 2209 4173 exce-

333 4206 618 4283 poeat,2de
645 4207 908 4270 amicitia
929 4222 1064 4269 cum
1089 4224 1164 4264 eo
1187 4222 1362 4283 agere
1385 4202 1578 4285 coepit.
