<?xml version="1.0" encoding="UTF-8"?>
<!DOCTYPE html PUBLIC "-//W3C//DTD XHTML 1.0 Transitional//EN"
    "http://www.w3.org/TR/xhtml1/DTD/xhtml1-transitional.dtd">
<html xmlns="http://www.w3.org/1999/xhtml" xml:lang="en" lang="en">
 <head>
  <title>
</title>
<meta http-equiv="Content-Type" content="text/html;charset=utf-8" />
  <meta name='ocr-system' content='tesseract 3.04.00' />
  <meta name='ocr-capabilities' content='ocr_page ocr_carea ocr_par ocr_line ocrx_word'/>
</head>
<body>
  <div class='ocr_page' id='page_1' title='image "./tliviipatavinih09livygoog_0072.png"; bbox 0 0 3159 4959; ppageno 0'>
   <div class='ocr_carea' id='block_1_1' title="bbox 543 366 1800 430">
    <p class='ocr_par' dir='ltr' id='par_1_1' title="bbox 543 366 1800 430">
     <span class='ocr_line' id='line_1_1' title="bbox 543 366 1800 430; baseline -0.005 0"><span class='ocrx_word' id='word_1_1' title='bbox 543 366 717 430; x_wconf 73' lang='lat'><strong>5544</strong></span> <span class='ocrx_word' id='word_1_2' title='bbox 1497 380 1568 425; x_wconf 76' lang='grc' dir='ltr'><strong>τ.</strong></span> <span class='ocrx_word' id='word_1_3' title='bbox 1620 378 1800 425; x_wconf 72' lang='lat' dir='ltr'><strong>mvn</strong></span> 
     </span>
    </p>
   </div>
   <div class='ocr_carea' id='block_1_2' title="bbox 580 516 2760 697">
    <p class='ocr_par' dir='ltr' id='par_1_2' title="bbox 580 516 2760 697">
     <span class='ocr_line' id='line_1_2' title="bbox 871 516 2758 600; baseline -0.001 -19"><span class='ocrx_word' id='word_1_4' title='bbox 871 522 1098 581; x_wconf 72' lang='lat' dir='ltr'><strong>Liviam</strong></span> <span class='ocrx_word' id='word_1_5' title='bbox 1143 521 1474 600; x_wconf 83' lang='lat' dir='ltr'><strong>relinquens</strong></span> <span class='ocrx_word' id='word_1_6' title='bbox 1519 518 1727 588; x_wconf 84' lang='lat' dir='ltr'><strong>filiam,</strong></span> <span class='ocrx_word' id='word_1_7' title='bbox 1772 526 1834 577; x_wconf 81' lang='lat' dir='ltr'><strong>et</strong></span> <span class='ocrx_word' id='word_1_8' title='bbox 1878 526 2149 597; x_wconf 76' lang='lat' dir='ltr'><strong>nepotem</strong></span> <span class='ocrx_word' id='word_1_9' title='bbox 2194 534 2273 577; x_wconf 86' lang='lat' dir='ltr'><strong>ex</strong></span> <span class='ocrx_word' id='word_1_10' title='bbox 2314 536 2391 577; x_wconf 87' lang='lat' dir='ltr'><strong>ea</strong></span> <span class='ocrx_word' id='word_1_11' title='bbox 2430 516 2758 589; x_wconf 76' lang='lat' dir='ltr'><strong>Tiberium,</strong></span> 
     </span>
     <span class='ocr_line' id='line_1_3' title="bbox 580 612 2760 697; baseline -0.001 -21"><span class='ocrx_word' id='word_1_12' title='bbox 580 620 776 669; x_wconf 70' lang='lat' dir='ltr'><strong>Sueton.</strong></span> <span class='ocrx_word' id='word_1_13' title='bbox 865 618 1192 697; x_wconf 84' lang='lat' dir='ltr'><strong>privignum</strong></span> <span class='ocrx_word' id='word_1_14' title='bbox 1227 617 1480 677; x_wconf 82' lang='lat' dir='ltr'><strong>futurum</strong></span> <span class='ocrx_word' id='word_1_15' title='bbox 1517 615 1769 673; x_wconf 71' lang='lat' dir='ltr'><strong>Coesaris</strong></span> <span class='ocrx_word' id='word_1_16' title='bbox 1802 622 1865 673; x_wconf 80' lang='lat' dir='ltr'><strong>et</strong></span> <span class='ocrx_word' id='word_1_17' title='bbox 1896 628 2307 673; x_wconf 67' lang='lat' dir='ltr'><strong>successorem.</strong></span> <span class='ocrx_word' id='word_1_18' title='bbox 2391 612 2493 672; x_wconf 82' lang='lat' dir='ltr'><strong>Ita</strong></span> <span class='ocrx_word' id='word_1_19' title='bbox 2524 634 2617 672; x_wconf 86' lang='lat' dir='ltr'><strong>res</strong></span> <span class='ocrx_word' id='word_1_20' title='bbox 2650 616 2760 673; x_wconf 85' lang='lat' dir='ltr'><strong>hu·</strong></span> 
     </span>
    </p>
   </div>
   <div class='ocr_carea' id='block_1_3' title="bbox 541 684 2757 1021">
    <p class='ocr_par' dir='ltr' id='par_1_3' title="bbox 541 684 2757 1021">
     <span class='ocr_line' id='line_1_4' title="bbox 543 684 1775 789; baseline 0.001 -21"><span class='ocrx_word' id='word_1_21' title='bbox 543 684 648 733; x_wconf 80' lang='lat' dir='ltr'><strong>Tib.</strong></span> <span class='ocrx_word' id='word_1_22' title='bbox 671 690 722 733; x_wconf 78' lang='lat'><strong>⁵·</strong></span> <span class='ocrx_word' id='word_1_23' title='bbox 865 724 1070 773; x_wconf 85' lang='lat' dir='ltr'><strong>manas</strong></span> <span class='ocrx_word' id='word_1_24' title='bbox 1101 712 1290 773; x_wconf 83' lang='lat' dir='ltr'><strong>fatum</strong></span> <span class='ocrx_word' id='word_1_25' title='bbox 1323 712 1448 789; x_wconf 80' lang='lat' dir='ltr'><strong>agit</strong></span> <span class='ocrx_word' id='word_1_26' title='bbox 1481 720 1775 789; x_wconf 82' lang='lat' dir='ltr'><strong>rotatque.</strong></span> 
     </span>
     <span class='ocr_line' id='line_1_5' title="bbox 579 804 2757 887; baseline 0.003 -25"><span class='ocrx_word' id='word_1_27' title='bbox 579 830 697 886; x_wconf 67' lang='lat' dir='ltr'><strong>Dio,</strong></span> <span class='ocrx_word' id='word_1_28' title='bbox 944 816 1045 869; x_wconf 81' lang='lat'><strong>21.</strong></span> <span class='ocrx_word' id='word_1_29' title='bbox 1071 809 1446 878; x_wconf 82' lang='lat' dir='ltr'><strong>Atvictores‚</strong></span> <span class='ocrx_word' id='word_1_30' title='bbox 1477 809 1888 887; x_wconf 86' lang='lat' dir='ltr'><strong>imperatorum</strong></span> <span class='ocrx_word' id='word_1_31' title='bbox 1911 806 2133 865; x_wconf 82' lang='lat' dir='ltr'><strong>monitu</strong></span> <span class='ocrx_word' id='word_1_32' title='bbox 2156 822 2267 865; x_wconf 89' lang='lat' dir='ltr'><strong>nec</strong></span> <span class='ocrx_word' id='word_1_33' title='bbox 2282 804 2553 866; x_wconf 82' lang='lat' dir='ltr'><strong>occidere</strong></span> <span class='ocrx_word' id='word_1_34' title='bbox 2572 806 2757 878; x_wconf 83' lang='lat' dir='ltr'><strong>fusos,</strong></span> 
     </span>
     <span class='ocr_line' id='line_1_6' title="bbox 541 900 2755 1021; baseline 0.003 -66"><span class='ocrx_word' id='word_1_35' title='bbox 541 904 809 1021; x_wconf 32' lang='lat' dir='ltr'><strong>2313&amp;ss</strong></span> <span class='ocrx_word' id='word_1_36' title='bbox 861 922 970 964; x_wconf 76' lang='lat' dir='ltr'><strong>nee</strong></span> <span class='ocrx_word' id='word_1_37' title='bbox 1008 922 1222 984; x_wconf 76' lang='lat' dir='ltr'><strong>capere</strong></span> <span class='ocrx_word' id='word_1_38' title='bbox 1258 912 1550 972; x_wconf 82' lang='lat' dir='ltr'><strong>curantes,</strong></span> <span class='ocrx_word' id='word_1_39' title='bbox 1593 902 1707 961; x_wconf 87' lang='lat' dir='ltr'><strong>hoc</strong></span> <span class='ocrx_word' id='word_1_40' title='bbox 1746 910 1973 961; x_wconf 87' lang='lat' dir='ltr'><strong>tantum</strong></span> <span class='ocrx_word' id='word_1_41' title='bbox 2016 911 2285 979; x_wconf 76' lang='lat' dir='ltr'><strong>egerunt,</strong></span> <span class='ocrx_word' id='word_1_42' title='bbox 2310 909 2378 959; x_wconf 91' lang='lat' dir='ltr'><strong>ut</strong></span> <span class='ocrx_word' id='word_1_43' title='bbox 2416 900 2651 961; x_wconf 75' lang='lat' dir='ltr'><strong>diversa</strong></span> <span class='ocrx_word' id='word_1_44' title='bbox 2690 904 2755 961; x_wconf 88' lang='lat' dir='ltr'><strong>in</strong></span> 
     </span>
    </p>
   </div>
   <div class='ocr_carea' id='block_1_4' title="bbox 510 996 2758 4139">
    <p class='ocr_par' dir='ltr' id='par_1_4' title="bbox 510 996 2758 4139">
     <span class='ocr_line' id='line_1_7' title="bbox 858 996 2755 1080; baseline -0.002 -20"><span class='ocrx_word' id='word_1_45' title='bbox 858 999 994 1059; x_wconf 88' lang='lat' dir='ltr'><strong>loca</strong></span> <span class='ocrx_word' id='word_1_46' title='bbox 1017 1020 1080 1060; x_wconf 84' lang='lat' dir='ltr'><strong>se</strong></span> <span class='ocrx_word' id='word_1_47' title='bbox 1107 999 1454 1080; x_wconf 71' lang='lat' dir='ltr'><strong>recipientes</strong></span> <span class='ocrx_word' id='word_1_48' title='bbox 1477 996 1845 1068; x_wconf 75' lang='lat' dir='ltr'><strong>clauderent,</strong></span> <span class='ocrx_word' id='word_1_49' title='bbox 1882 1014 1955 1055; x_wconf 86' lang='lat' dir='ltr'><strong>ne</strong></span> <span class='ocrx_word' id='word_1_50' title='bbox 1994 996 2203 1057; x_wconf 84' lang='lat' dir='ltr'><strong>iterum</strong></span> <span class='ocrx_word' id='word_1_51' title='bbox 2238 999 2755 1075; x_wconf 72' lang='lat' dir='ltr'><strong>conjungerentur.</strong></span> 
     </span>
     <span class='ocr_line' id='line_1_8' title="bbox 860 1092 2753 1176; baseline -0.002 -21"><span class='ocrx_word' id='word_1_52' title='bbox 860 1096 1088 1155; x_wconf 83' lang='lat' dir='ltr'><strong>Castris</strong></span> <span class='ocrx_word' id='word_1_53' title='bbox 1109 1092 1460 1176; x_wconf 84' lang='lat' dir='ltr'><strong>probibendi</strong></span> <span class='ocrx_word' id='word_1_54' title='bbox 1485 1093 1783 1173; x_wconf 68' lang='lat' dir='ltr'><strong>precipua</strong></span> <span class='ocrx_word' id='word_1_55' title='bbox 1806 1112 1951 1153; x_wconf 83' lang='lat' dir='ltr'><strong>cura</strong></span> <span class='ocrx_word' id='word_1_56' title='bbox 1975 1092 2109 1163; x_wconf 81' lang='lat' dir='ltr'><strong>fuit,</strong></span> <span class='ocrx_word' id='word_1_57' title='bbox 2130 1101 2593 1170; x_wconf 70' lang='lat' dir='ltr'><strong>occupatumque</strong></span> <span class='ocrx_word' id='word_1_58' title='bbox 2618 1112 2753 1153; x_wconf 84' lang='lat' dir='ltr'><strong>cum</strong></span> 
     </span>
     <span class='ocr_line' id='line_1_9' title="bbox 857 1186 2755 1271; baseline -0.003 -20"><span class='ocrx_word' id='word_1_59' title='bbox 857 1192 1118 1271; x_wconf 87' lang='lat' dir='ltr'><strong>periculo</strong></span> <span class='ocrx_word' id='word_1_60' title='bbox 1157 1200 1387 1271; x_wconf 88' lang='lat' dir='ltr'><strong>portam</strong></span> <span class='ocrx_word' id='word_1_61' title='bbox 1427 1189 1798 1251; x_wconf 84' lang='lat' dir='ltr'><strong>occluserunt</strong></span> <span class='ocrx_word' id='word_1_62' title='bbox 1838 1188 2249 1249; x_wconf 80' lang='lat' dir='ltr'><strong>incidentibus.</strong></span> <span class='ocrx_word' id='word_1_63' title='bbox 2333 1186 2573 1247; x_wconf 84' lang='lat' dir='ltr'><strong>Idcirco</strong></span> <span class='ocrx_word' id='word_1_64' title='bbox 2612 1188 2755 1266; x_wconf 77' lang='lat' dir='ltr'><strong>fuga</strong></span> 
     </span>
     <span class='ocr_line' id='line_1_10' title="bbox 857 1282 2757 1363; baseline -0.001 -17"><span class='ocrx_word' id='word_1_65' title='bbox 857 1286 994 1347; x_wconf 89' lang='lat' dir='ltr'><strong>inde</strong></span> <span class='ocrx_word' id='word_1_66' title='bbox 1035 1287 1114 1347; x_wconf 77' lang='lat' dir='ltr'><strong>ad</strong></span> <span class='ocrx_word' id='word_1_67' title='bbox 1155 1306 1315 1347; x_wconf 87' lang='lat' dir='ltr'><strong>mare</strong></span> <span class='ocrx_word' id='word_1_68' title='bbox 1361 1306 1530 1348; x_wconf 84' lang='lat' dir='ltr'><strong>versa</strong></span> <span class='ocrx_word' id='word_1_69' title='bbox 1581 1294 1942 1363; x_wconf 56' lang='lat' dir='ltr'><strong>montesque.</strong></span> <span class='ocrx_word' id='word_1_70' title='bbox 2024 1284 2127 1343; x_wconf 91' lang='lat' dir='ltr'><strong>Ibi</strong></span> <span class='ocrx_word' id='word_1_71' title='bbox 2174 1282 2379 1343; x_wconf 67' lang='lat' dir='ltr'><strong>Ooesar</strong></span> <span class='ocrx_word' id='word_1_72' title='bbox 2438 1282 2515 1343; x_wconf 87' lang='lat' dir='ltr'><strong>ad</strong></span> <span class='ocrx_word' id='word_1_73' title='bbox 2560 1293 2757 1345; x_wconf 78' lang='lat' dir='ltr'><strong>eastra</strong></span> 
     </span>
     <span class='ocr_line' id='line_1_11' title="bbox 855 1379 2753 1464; baseline -0.002 -23"><span class='ocrx_word' id='word_1_74' title='bbox 855 1382 1110 1464; x_wconf 71' lang='lat' dir='ltr'><strong>bostium</strong></span> <span class='ocrx_word' id='word_1_75' title='bbox 1149 1383 1436 1453; x_wconf 86' lang='lat' dir='ltr'><strong>constitit,</strong></span> <span class='ocrx_word' id='word_1_76' title='bbox 1480 1392 1548 1441; x_wconf 90' lang='lat' dir='ltr'><strong>ut</strong></span> <span class='ocrx_word' id='word_1_77' title='bbox 1604 1390 1913 1461; x_wconf 82' lang='lat' dir='ltr'><strong>erupturos</strong></span> <span class='ocrx_word' id='word_1_78' title='bbox 1956 1382 2297 1460; x_wconf 77' lang='lat' dir='ltr'><strong>exciperet3</strong></span> <span class='ocrx_word' id='word_1_79' title='bbox 2344 1379 2617 1441; x_wconf 79' lang='lat' dir='ltr'><strong>Antonio</strong></span> <span class='ocrx_word' id='word_1_80' title='bbox 2674 1379 2753 1439; x_wconf 85' lang='lat' dir='ltr'><strong>ad</strong></span> 
     </span>
     <span class='ocr_line' id='line_1_12' title="bbox 855 1475 2755 1560; baseline -0.001 -23"><span class='ocrx_word' id='word_1_81' title='bbox 855 1476 1088 1557; x_wconf 81' lang='lat' dir='ltr'><strong>reliqua</strong></span> <span class='ocrx_word' id='word_1_82' title='bbox 1111 1478 1258 1539; x_wconf 87' lang='lat' dir='ltr'><strong>belli</strong></span> <span class='ocrx_word' id='word_1_83' title='bbox 1281 1476 1649 1560; x_wconf 79' lang='lat' dir='ltr'><strong>profliganda</strong></span> <span class='ocrx_word' id='word_1_84' title='bbox 1673 1486 2045 1558; x_wconf 70' lang='lat' dir='ltr'><strong>properante.</strong></span> <span class='ocrx_word' id='word_1_85' title='bbox 2128 1475 2252 1537; x_wconf 83' lang='lat' dir='ltr'><strong>Sed</strong></span> <span class='ocrx_word' id='word_1_86' title='bbox 2276 1477 2417 1537; x_wconf 87' lang='lat' dir='ltr'><strong>huic</strong></span> <span class='ocrx_word' id='word_1_87' title='bbox 2452 1476 2755 1555; x_wconf 76' lang='lat' dir='ltr'><strong>potissima·</strong></span> 
     </span>
     <span class='ocr_line' id='line_1_13' title="bbox 855 1571 2754 1652; baseline -0.001 -19"><span class='ocrx_word' id='word_1_88' title='bbox 855 1590 998 1633; x_wconf 85' lang='lat' dir='ltr'><strong>cura</strong></span> <span class='ocrx_word' id='word_1_89' title='bbox 1022 1574 1154 1645; x_wconf 81' lang='lat' dir='ltr'><strong>fuit,</strong></span> <span class='ocrx_word' id='word_1_90' title='bbox 1183 1596 1254 1635; x_wconf 86' lang='lat' dir='ltr'><strong>ne</strong></span> <span class='ocrx_word' id='word_1_91' title='bbox 1277 1575 1461 1635; x_wconf 85' lang='lat' dir='ltr'><strong>duces</strong></span> <span class='ocrx_word' id='word_1_92' title='bbox 1485 1574 1878 1644; x_wconf 78' lang='lat' dir='ltr'><strong>elaberentur,</strong></span> <span class='ocrx_word' id='word_1_93' title='bbox 1906 1571 2100 1633; x_wconf 89' lang='lat' dir='ltr'><strong>denuc</strong></span> <span class='ocrx_word' id='word_1_94' title='bbox 2136 1574 2472 1652; x_wconf 77' lang='lat' dir='ltr'><strong>pugnaturi.</strong></span> <span class='ocrx_word' id='word_1_95' title='bbox 2559 1571 2754 1650; x_wconf 77' lang='lat' dir='ltr'><strong>Igitur</strong></span> 
     </span>
     <span class='ocr_line' id='line_1_14' title="bbox 854 1667 2758 1751; baseline 0.002 -24"><span class='ocrx_word' id='word_1_96' title='bbox 854 1668 945 1729; x_wconf 84' lang='lat' dir='ltr'><strong>his</strong></span> <span class='ocrx_word' id='word_1_97' title='bbox 969 1670 1335 1751; x_wconf 77' lang='lat' dir='ltr'><strong>excipiendis</strong></span> <span class='ocrx_word' id='word_1_98' title='bbox 1361 1686 1831 1749; x_wconf 82' lang='lat' dir='ltr'><strong>quaquaversum</strong></span> <span class='ocrx_word' id='word_1_99' title='bbox 1869 1669 2090 1729; x_wconf 79' lang='lat' dir='ltr'><strong>dimisit</strong></span> <span class='ocrx_word' id='word_1_100' title='bbox 2124 1669 2385 1747; x_wconf 85' lang='lat' dir='ltr'><strong>equites:</strong></span> <span class='ocrx_word' id='word_1_101' title='bbox 2428 1667 2578 1729; x_wconf 88' lang='lat' dir='ltr'><strong>inter</strong></span> <span class='ocrx_word' id='word_1_102' title='bbox 2602 1686 2758 1749; x_wconf 79' lang='lat' dir='ltr'><strong>quos</strong></span> 
     </span>
     <span class='ocr_line' id='line_1_15' title="bbox 857 1762 2751 1846; baseline 0.001 -23"><span class='ocrx_word' id='word_1_103' title='bbox 857 1762 1086 1825; x_wconf 82' lang='lat' dir='ltr'><strong>Rhasci</strong></span> <span class='ocrx_word' id='word_1_104' title='bbox 1122 1766 1423 1846; x_wconf 75' lang='lat' dir='ltr'><strong>praecipua</strong></span> <span class='ocrx_word' id='word_1_105' title='bbox 1457 1765 1574 1825; x_wconf 82' lang='lat' dir='ltr'><strong>fuit</strong></span> <span class='ocrx_word' id='word_1_106' title='bbox 1610 1784 1813 1845; x_wconf 88' lang='lat' dir='ltr'><strong>opera,</strong></span> <span class='ocrx_word' id='word_1_107' title='bbox 1839 1765 1940 1845; x_wconf 89' lang='lat' dir='ltr'><strong>qui</strong></span> <span class='ocrx_word' id='word_1_108' title='bbox 1975 1782 2111 1824; x_wconf 86' lang='lat' dir='ltr'><strong>cum</strong></span> <span class='ocrx_word' id='word_1_109' title='bbox 2136 1763 2469 1823; x_wconf 75' lang='lat' dir='ltr'><strong>Thracibus</strong></span> <span class='ocrx_word' id='word_1_110' title='bbox 2490 1765 2631 1835; x_wconf 90' lang='lat' dir='ltr'><strong>suis,</strong></span> <span class='ocrx_word' id='word_1_111' title='bbox 2658 1784 2751 1825; x_wconf 86' lang='lat' dir='ltr'><strong>re·</strong></span> 
     </span>
     <span class='ocr_line' id='line_1_16' title="bbox 853 1860 2745 1940; baseline 0 -19"><span class='ocrx_word' id='word_1_112' title='bbox 853 1860 1091 1937; x_wconf 75' lang='lat' dir='ltr'><strong>gionum</strong></span> <span class='ocrx_word' id='word_1_113' title='bbox 1115 1863 1310 1940; x_wconf 76' lang='lat' dir='ltr'><strong>gnaris</strong></span> <span class='ocrx_word' id='word_1_114' title='bbox 1335 1862 1617 1922; x_wconf 87' lang='lat' dir='ltr'><strong>montium</strong></span> <span class='ocrx_word' id='word_1_115' title='bbox 1642 1862 1802 1921; x_wconf 83' lang='lat' dir='ltr'><strong>sinus</strong></span> <span class='ocrx_word' id='word_1_116' title='bbox 1832 1860 2207 1939; x_wconf 83' lang='lat' dir='ltr'><strong>latebrasque</strong></span> <span class='ocrx_word' id='word_1_117' title='bbox 2246 1878 2449 1919; x_wconf 85' lang='lat' dir='ltr'><strong>omnes</strong></span> <span class='ocrx_word' id='word_1_118' title='bbox 2486 1876 2745 1939; x_wconf 78' lang='lat' dir='ltr'><strong>perscru-</strong></span> 
     </span>
     <span class='ocr_line' id='line_1_17' title="bbox 851 1956 2749 2038; baseline -0.001 -22"><span class='ocrx_word' id='word_1_119' title='bbox 851 1956 1130 2025; x_wconf 85' lang='lat' dir='ltr'><strong>tabatur;</strong></span> <span class='ocrx_word' id='word_1_120' title='bbox 1175 1958 1288 2017; x_wconf 87' lang='lat' dir='ltr'><strong>hac</strong></span> <span class='ocrx_word' id='word_1_121' title='bbox 1311 1964 1374 2017; x_wconf 83' lang='lat' dir='ltr'><strong>et</strong></span> <span class='ocrx_word' id='word_1_122' title='bbox 1395 1966 1593 2018; x_wconf 86' lang='lat' dir='ltr'><strong>cetera</strong></span> <span class='ocrx_word' id='word_1_123' title='bbox 1616 1956 1926 2035; x_wconf 74' lang='lat' dir='ltr'><strong>diligentia</strong></span> <span class='ocrx_word' id='word_1_124' title='bbox 1964 1956 2203 2036; x_wconf 79' lang='lat' dir='ltr'><strong>fideque</strong></span> <span class='ocrx_word' id='word_1_125' title='bbox 2244 1972 2355 2016; x_wconf 87' lang='lat' dir='ltr'><strong>sua</strong></span> <span class='ocrx_word' id='word_1_126' title='bbox 2390 1956 2749 2038; x_wconf 81' lang='lat' dir='ltr'><strong>Rhascupo-</strong></span> 
     </span>
     <span class='ocr_line' id='line_1_18' title="bbox 852 2052 1867 2133; baseline 0.001 -21"><span class='ocrx_word' id='word_1_127' title='bbox 852 2052 990 2113; x_wconf 84' lang='lat' dir='ltr'><strong>lidis</strong></span> <span class='ocrx_word' id='word_1_128' title='bbox 1011 2052 1208 2113; x_wconf 71' lang='lat' dir='ltr'><strong>fratris</strong></span> <span class='ocrx_word' id='word_1_129' title='bbox 1230 2053 1478 2114; x_wconf 84' lang='lat' dir='ltr'><strong>salutem</strong></span> <span class='ocrx_word' id='word_1_130' title='bbox 1505 2054 1867 2133; x_wconf 84' lang='lat' dir='ltr'><strong>promeritus.</strong></span> 
     </span>
     <span class='ocr_line' id='line_1_19' title="bbox 593 2147 2744 2230; baseline 0.003 -27"><span class='ocrx_word' id='word_1_131' title='bbox 593 2154 708 2230; x_wconf 53' lang='lat' dir='ltr'><strong>Pet.</strong></span> <span class='ocrx_word' id='word_1_132' title='bbox 747 2162 814 2203; x_wconf 76' lang='lat' dir='ltr'><strong>et-</strong></span> <span class='ocrx_word' id='word_1_133' title='bbox 929 2152 1031 2211; x_wconf 79' lang='lat'><strong>22.</strong></span> <span class='ocrx_word' id='word_1_134' title='bbox 1073 2147 1200 2209; x_wconf 87' lang='lat' dir='ltr'><strong>Sed</strong></span> <span class='ocrx_word' id='word_1_135' title='bbox 1245 2149 1368 2209; x_wconf 80' lang='lat' dir='ltr'><strong>alia</strong></span> <span class='ocrx_word' id='word_1_136' title='bbox 1419 2166 1627 2209; x_wconf 85' lang='lat' dir='ltr'><strong>manus</strong></span> <span class='ocrx_word' id='word_1_137' title='bbox 1674 2150 1761 2207; x_wconf 87' lang='lat' dir='ltr'><strong>ita</strong></span> <span class='ocrx_word' id='word_1_138' title='bbox 1810 2148 2266 2228; x_wconf 81' lang='lat' dir='ltr'><strong>persequebatur</strong></span> <span class='ocrx_word' id='word_1_139' title='bbox 2323 2147 2599 2220; x_wconf 83' lang='lat' dir='ltr'><strong>Brutum,</strong></span> <span class='ocrx_word' id='word_1_140' title='bbox 2656 2159 2744 2219; x_wconf 77' lang='lat' dir='ltr'><strong>ut,</strong></span> 
     </span>
     <span class='ocr_line' id='line_1_20' title="bbox 532 2217 2745 2325; baseline -0.001 -21"><span class='ocrx_word' id='word_1_141' title='bbox 532 2217 743 2281; x_wconf 57' lang='lat' dir='ltr'><strong>Appon.</strong></span> <span class='ocrx_word' id='word_1_142' title='bbox 851 2244 1018 2305; x_wconf 83' lang='lat' dir='ltr'><strong>nulla</strong></span> <span class='ocrx_word' id='word_1_143' title='bbox 1041 2242 1162 2303; x_wconf 86' lang='lat' dir='ltr'><strong>alia</strong></span> <span class='ocrx_word' id='word_1_144' title='bbox 1187 2244 1388 2325; x_wconf 74' lang='lat' dir='ltr'><strong>praeda</strong></span> <span class='ocrx_word' id='word_1_145' title='bbox 1412 2244 1673 2323; x_wconf 87' lang='lat' dir='ltr'><strong>objecta,</strong></span> <span class='ocrx_word' id='word_1_146' title='bbox 1714 2244 1930 2305; x_wconf 81' lang='lat' dir='ltr'><strong>diverti</strong></span> <span class='ocrx_word' id='word_1_147' title='bbox 1964 2252 2277 2323; x_wconf 86' lang='lat' dir='ltr'><strong>pateretur.</strong></span> <span class='ocrx_word' id='word_1_148' title='bbox 2363 2242 2439 2302; x_wconf 88' lang='lat' dir='ltr'><strong>Id</strong></span> <span class='ocrx_word' id='word_1_149' title='bbox 2480 2243 2581 2303; x_wconf 88' lang='lat' dir='ltr'><strong>ubi</strong></span> <span class='ocrx_word' id='word_1_150' title='bbox 2618 2244 2745 2303; x_wconf 83' lang='lat' dir='ltr'><strong>ani-</strong></span> 
     </span>
     <span class='ocr_line' id='line_1_21' title="bbox 849 2336 2748 2417; baseline 0.002 -20"><span class='ocrx_word' id='word_1_151' title='bbox 849 2338 1220 2399; x_wconf 80' lang='lat' dir='ltr'><strong>madversum</strong></span> <span class='ocrx_word' id='word_1_152' title='bbox 1273 2338 1508 2399; x_wconf 87' lang='lat' dir='ltr'><strong>Lucilio</strong></span> <span class='ocrx_word' id='word_1_153' title='bbox 1567 2338 1797 2399; x_wconf 87' lang='lat' dir='ltr'><strong>Lucinc</strong></span> <span class='ocrx_word' id='word_1_154' title='bbox 1848 2348 1961 2409; x_wconf 90' lang='lat' dir='ltr'><strong>est,</strong></span> <span class='ocrx_word' id='word_1_155' title='bbox 2018 2338 2194 2397; x_wconf 85' lang='lat' dir='ltr'><strong>Bruti</strong></span> <span class='ocrx_word' id='word_1_156' title='bbox 2242 2336 2513 2417; x_wconf 82' lang='lat' dir='ltr'><strong>servandi</strong></span> <span class='ocrx_word' id='word_1_157' title='bbox 2564 2358 2748 2400; x_wconf 86' lang='lat' dir='ltr'><strong>causa</strong></span> 
     </span>
     <span class='ocr_line' id='line_1_22' title="bbox 845 2414 2743 2514; baseline 0.002 -23"><span class='ocrx_word' id='word_1_158' title='bbox 845 2442 1053 2513; x_wconf 85' lang='lat' dir='ltr'><strong>sponte</strong></span> <span class='ocrx_word' id='word_1_159' title='bbox 1079 2434 1316 2493; x_wconf 85' lang='lat' dir='ltr'><strong>incessit</strong></span> <span class='ocrx_word' id='word_1_160' title='bbox 1353 2433 1599 2503; x_wconf 84' lang='lat' dir='ltr'><strong>tardius,</strong></span> <span class='ocrx_word' id='word_1_161' title='bbox 1628 2442 1697 2492; x_wconf 88' lang='lat' dir='ltr'><strong>ut</strong></span> <span class='ocrx_word' id='word_1_162' title='bbox 1736 2454 1774 2493; x_wconf 88' lang='lat' dir='ltr'><strong>a</strong></span> <span class='ocrx_word' id='word_1_163' title='bbox 1807 2434 2076 2494; x_wconf 85' lang='lat' dir='ltr'><strong>barbaris</strong></span> <span class='ocrx_word' id='word_1_164' title='bbox 2116 2414 2505 2514; x_wconf 71' lang='lat' dir='ltr'><strong>exciperetur.</strong></span> <span class='ocrx_word' id='word_1_165' title='bbox 2588 2434 2743 2495; x_wconf 80' lang='lat' dir='ltr'><strong>Tm</strong></span> 
     </span>
     <span class='ocr_line' id='line_1_23' title="bbox 845 2526 2741 2609; baseline 0.002 -22"><span class='ocrx_word' id='word_1_166' title='bbox 845 2526 1064 2587; x_wconf 79' lang='lat' dir='ltr'><strong>adduci</strong></span> <span class='ocrx_word' id='word_1_167' title='bbox 1103 2526 1180 2587; x_wconf 86' lang='lat' dir='ltr'><strong>ad</strong></span> <span class='ocrx_word' id='word_1_168' title='bbox 1207 2526 1537 2586; x_wconf 84' lang='lat' dir='ltr'><strong>Antonium</strong></span> <span class='ocrx_word' id='word_1_169' title='bbox 1575 2544 1927 2607; x_wconf 79' lang='lat' dir='ltr'><strong>magnopere</strong></span> <span class='ocrx_word' id='word_1_170' title='bbox 1967 2528 2349 2599; x_wconf 76' lang='lat' dir='ltr'><strong>contendens,</strong></span> <span class='ocrx_word' id='word_1_171' title='bbox 2392 2550 2465 2589; x_wconf 90' lang='lat' dir='ltr'><strong>eo</strong></span> <span class='ocrx_word' id='word_1_172' title='bbox 2506 2550 2741 2609; x_wconf 86' lang='lat' dir='ltr'><strong>quoque</strong></span> 
     </span>
     <span class='ocr_line' id='line_1_24' title="bbox 843 2621 2741 2703; baseline 0.001 -22"><span class='ocrx_word' id='word_1_173' title='bbox 843 2621 1078 2693; x_wconf 80' lang='lat' dir='ltr'><strong>fefellit,</strong></span> <span class='ocrx_word' id='word_1_174' title='bbox 1105 2631 1174 2681; x_wconf 89' lang='lat' dir='ltr'><strong>ut</strong></span> <span class='ocrx_word' id='word_1_175' title='bbox 1215 2622 1435 2682; x_wconf 86' lang='lat' dir='ltr'><strong>Brutus</strong></span> <span class='ocrx_word' id='word_1_176' title='bbox 1472 2641 1601 2682; x_wconf 86' lang='lat' dir='ltr'><strong>esse</strong></span> <span class='ocrx_word' id='word_1_177' title='bbox 1637 2630 1959 2703; x_wconf 87' lang='lat' dir='ltr'><strong>putaretur,</strong></span> <span class='ocrx_word' id='word_1_178' title='bbox 1988 2632 2051 2683; x_wconf 87' lang='lat' dir='ltr'><strong>et</strong></span> <span class='ocrx_word' id='word_1_179' title='bbox 2084 2623 2522 2703; x_wconf 82' lang='lat' dir='ltr'><strong>implacabilem</strong></span> <span class='ocrx_word' id='word_1_180' title='bbox 2548 2624 2741 2683; x_wconf 74' lang='lat' dir='ltr'><strong>ini-i·</strong></span> 
     </span>
     <span class='ocr_line' id='line_1_25' title="bbox 841 2718 2739 2800; baseline 0.002 -24"><span class='ocrx_word' id='word_1_181' title='bbox 841 2736 979 2777; x_wconf 85' lang='lat' dir='ltr'><strong>cum</strong></span> <span class='ocrx_word' id='word_1_182' title='bbox 1004 2719 1191 2778; x_wconf 82' lang='lat' dir='ltr'><strong>vitare</strong></span> <span class='ocrx_word' id='word_1_183' title='bbox 1215 2718 1511 2778; x_wconf 69' lang='lat' dir='ltr'><strong>Caesarem</strong></span> <span class='ocrx_word' id='word_1_184' title='bbox 1537 2718 1721 2779; x_wconf 84' lang='lat' dir='ltr'><strong>velle.</strong></span> <span class='ocrx_word' id='word_1_185' title='bbox 1808 2718 1955 2779; x_wconf 88' lang='lat' dir='ltr'><strong>Hoc</strong></span> <span class='ocrx_word' id='word_1_186' title='bbox 1978 2720 2243 2778; x_wconf 85' lang='lat' dir='ltr'><strong>nuntium</strong></span> <span class='ocrx_word' id='word_1_187' title='bbox 2268 2720 2586 2800; x_wconf 87' lang='lat' dir='ltr'><strong>ancipitem</strong></span> <span class='ocrx_word' id='word_1_188' title='bbox 2614 2722 2739 2780; x_wconf 87' lang='lat' dir='ltr'><strong>ani·</strong></span> 
     </span>
     <span class='ocr_line' id='line_1_26' title="bbox 843 2813 2741 2895; baseline 0.002 -22"><span class='ocrx_word' id='word_1_189' title='bbox 843 2815 924 2873; x_wconf 90' lang='lat' dir='ltr'><strong>mi</strong></span> <span class='ocrx_word' id='word_1_190' title='bbox 966 2813 1295 2876; x_wconf 84' lang='lat' dir='ltr'><strong>Antonium</strong></span> <span class='ocrx_word' id='word_1_191' title='bbox 1341 2816 1571 2885; x_wconf 87' lang='lat' dir='ltr'><strong>habuit,</strong></span> <span class='ocrx_word' id='word_1_192' title='bbox 1620 2814 2112 2895; x_wconf 84' lang='lat' dir='ltr'><strong>quemadmodum</strong></span> <span class='ocrx_word' id='word_1_193' title='bbox 2155 2824 2341 2875; x_wconf 76' lang='lat' dir='ltr'><strong>tantae</strong></span> <span class='ocrx_word' id='word_1_194' title='bbox 2381 2814 2741 2894; x_wconf 82' lang='lat' dir='ltr'><strong>dignationis</strong></span> 
     </span>
     <span class='ocr_line' id='line_1_27' title="bbox 840 2908 2741 2993; baseline 0.002 -24"><span class='ocrx_word' id='word_1_195' title='bbox 840 2908 1130 2991; x_wconf 62' lang='lat' dir='ltr'><strong>famaeque</strong></span> <span class='ocrx_word' id='word_1_196' title='bbox 1170 2912 1361 2971; x_wconf 78' lang='lat' dir='ltr'><strong>virum</strong></span> <span class='ocrx_word' id='word_1_197' title='bbox 1402 2912 1462 2970; x_wconf 89' lang='lat' dir='ltr'><strong>in</strong></span> <span class='ocrx_word' id='word_1_198' title='bbox 1509 2912 1621 2971; x_wconf 86' lang='lat' dir='ltr'><strong>hac</strong></span> <span class='ocrx_word' id='word_1_199' title='bbox 1670 2911 1905 2972; x_wconf 82' lang='lat' dir='ltr'><strong>fortuna</strong></span> <span class='ocrx_word' id='word_1_200' title='bbox 1946 2913 2253 2991; x_wconf 86' lang='lat' dir='ltr'><strong>reciperet.</strong></span> <span class='ocrx_word' id='word_1_201' title='bbox 2334 2908 2455 2971; x_wconf 79' lang='lat' dir='ltr'><strong>Sed</strong></span> <span class='ocrx_word' id='word_1_202' title='bbox 2500 2914 2741 2993; x_wconf 79' lang='lat' dir='ltr'><strong>propius</strong></span> 
     </span>
     <span class='ocr_line' id='line_1_28' title="bbox 840 3004 2738 3089; baseline 0.002 -26"><span class='ocrx_word' id='word_1_203' title='bbox 840 3004 1002 3065; x_wconf 80' lang='lat' dir='ltr'><strong>sacto</strong></span> <span class='ocrx_word' id='word_1_204' title='bbox 1049 3006 1326 3078; x_wconf 78' lang='lat' dir='ltr'><strong>Lucilius,</strong></span> <span class='ocrx_word' id='word_1_205' title='bbox 1369 3014 1387 3044; x_wconf 90' lang='lat'>‘</span> <span class='ocrx_word' id='word_1_206' title='bbox 1410 3006 1518 3068; x_wconf 82' lang='lat' dir='ltr'><strong>Dii</strong></span> <span class='ocrx_word' id='word_1_207' title='bbox 1543 3026 1683 3068; x_wconf 81' lang='lat' dir='ltr'><strong>vero</strong></span> <span class='ocrx_word' id='word_1_208' title='bbox 1724 3007 2155 3088; x_wconf 80' lang='lat' dir='ltr'><strong>prohibessint,’</strong></span> <span class='ocrx_word' id='word_1_209' title='bbox 2196 3008 2410 3087; x_wconf 88' lang='lat' dir='ltr'><strong>inquit,</strong></span> <span class='ocrx_word' id='word_1_210' title='bbox 2455 3018 2471 3045; x_wconf 81' lang='lat'><em>⁶</em></span> <span class='ocrx_word' id='word_1_211' title='bbox 2498 3016 2565 3067; x_wconf 86' lang='lat' dir='ltr'><strong>ut</strong></span> <span class='ocrx_word' id='word_1_212' title='bbox 2600 3010 2738 3089; x_wconf 88' lang='lat' dir='ltr'><strong>capi</strong></span> 
     </span>
     <span class='ocr_line' id='line_1_29' title="bbox 839 3101 2738 3184; baseline 0.002 -23"><span class='ocrx_word' id='word_1_213' title='bbox 839 3101 1060 3162; x_wconf 85' lang='lat' dir='ltr'><strong>Brutus</strong></span> <span class='ocrx_word' id='word_1_214' title='bbox 1085 3104 1298 3184; x_wconf 77' lang='lat' dir='ltr'><strong>queat!</strong></span> <span class='ocrx_word' id='word_1_215' title='bbox 1363 3102 1585 3184; x_wconf 87' lang='lat' dir='ltr'><strong>Neque</strong></span> <span class='ocrx_word' id='word_1_216' title='bbox 1608 3104 1790 3163; x_wconf 86' lang='lat' dir='ltr'><strong>etiam</strong></span> <span class='ocrx_word' id='word_1_217' title='bbox 1810 3104 2086 3162; x_wconf 72' lang='lat' dir='ltr'><strong>Fortunae</strong></span> <span class='ocrx_word' id='word_1_218' title='bbox 2111 3104 2171 3161; x_wconf 91' lang='lat' dir='ltr'><strong>in</strong></span> <span class='ocrx_word' id='word_1_219' title='bbox 2198 3102 2503 3163; x_wconf 84' lang='lat' dir='ltr'><strong>Virtutem</strong></span> <span class='ocrx_word' id='word_1_220' title='bbox 2530 3103 2738 3164; x_wconf 88' lang='lat' dir='ltr'><strong>licebit</strong></span> 
     </span>
     <span class='ocr_line' id='line_1_30' title="bbox 839 3197 2740 3281; baseline 0.003 -24"><span class='ocrx_word' id='word_1_221' title='bbox 839 3197 1151 3277; x_wconf 87' lang='lat' dir='ltr'><strong>quidlibet.</strong></span> <span class='ocrx_word' id='word_1_222' title='bbox 1237 3200 1514 3261; x_wconf 85' lang='lat' dir='ltr'><strong>Ceterum</strong></span> <span class='ocrx_word' id='word_1_223' title='bbox 1553 3220 1666 3279; x_wconf 77' lang='lat' dir='ltr'><strong>ego</strong></span> <span class='ocrx_word' id='word_1_224' title='bbox 1700 3201 1791 3260; x_wconf 80' lang='lat' dir='ltr'><strong>his</strong></span> <span class='ocrx_word' id='word_1_225' title='bbox 1814 3200 2080 3279; x_wconf 86' lang='lat' dir='ltr'><strong>deceptis</strong></span> <span class='ocrx_word' id='word_1_226' title='bbox 2102 3218 2175 3258; x_wconf 86' lang='lat' dir='ltr'><strong>en</strong></span> <span class='ocrx_word' id='word_1_227' title='bbox 2204 3198 2436 3270; x_wconf 86' lang='lat' dir='ltr'><strong>adsum,</strong></span> <span class='ocrx_word' id='word_1_228' title='bbox 2462 3220 2740 3281; x_wconf 81' lang='lat' dir='ltr'><strong>passurus</strong></span> 
     </span>
     <span class='ocr_line' id='line_1_31' title="bbox 838 3291 2732 3376; baseline 0.002 -23"><span class='ocrx_word' id='word_1_229' title='bbox 838 3296 998 3375; x_wconf 88' lang='lat' dir='ltr'><strong>quod</strong></span> <span class='ocrx_word' id='word_1_230' title='bbox 1022 3296 1132 3354; x_wconf 85' lang='lat' dir='ltr'><strong>tibi</strong></span> <span class='ocrx_word' id='word_1_231' title='bbox 1159 3291 1492 3355; x_wconf 76' lang='lat' dir='ltr'><strong>videbitur-⁹</strong></span> <span class='ocrx_word' id='word_1_232' title='bbox 1576 3296 1731 3356; x_wconf 80' lang='lat' dir='ltr'><strong>Cum</strong></span> <span class='ocrx_word' id='word_1_233' title='bbox 1759 3296 1836 3356; x_wconf 88' lang='lat' dir='ltr'><strong>ad</strong></span> <span class='ocrx_word' id='word_1_234' title='bbox 1866 3298 1996 3355; x_wconf 78' lang='lat' dir='ltr'><strong>haec</strong></span> <span class='ocrx_word' id='word_1_235' title='bbox 2022 3296 2459 3375; x_wconf 84' lang='lat' dir='ltr'><strong>obstupuissent</strong></span> <span class='ocrx_word' id='word_1_236' title='bbox 2482 3298 2732 3376; x_wconf 85' lang='lat' dir='ltr'><strong>equites,</strong></span> 
     </span>
     <span class='ocr_line' id='line_1_32' title="bbox 837 3390 2732 3470; baseline 0.001 -21"><span class='ocrx_word' id='word_1_237' title='bbox 837 3408 1148 3449; x_wconf 75' lang='lat' dir='ltr'><strong>conversus</strong></span> <span class='ocrx_word' id='word_1_238' title='bbox 1185 3390 1264 3449; x_wconf 88' lang='lat' dir='ltr'><strong>ad</strong></span> <span class='ocrx_word' id='word_1_239' title='bbox 1299 3390 1404 3450; x_wconf 84' lang='lat' dir='ltr'><strong>hos</strong></span> <span class='ocrx_word' id='word_1_240' title='bbox 1437 3391 1760 3461; x_wconf 86' lang='lat' dir='ltr'><strong>Antonius,</strong></span> <span class='ocrx_word' id='word_1_241' title='bbox 1803 3399 1821 3426; x_wconf 89' lang='lat'>‘</span> <span class='ocrx_word' id='word_1_242' title='bbox 1847 3390 1993 3449; x_wconf 86' lang='lat' dir='ltr'><strong>Non</strong></span> <span class='ocrx_word' id='word_1_243' title='bbox 2019 3393 2151 3460; x_wconf 85' lang='lat' dir='ltr'><strong>est,&#39;</strong></span> <span class='ocrx_word' id='word_1_244' title='bbox 2189 3392 2403 3469; x_wconf 85' lang='lat' dir='ltr'><strong>inquit,</strong></span> <span class='ocrx_word' id='word_1_245' title='bbox 2448 3400 2467 3427; x_wconf 82' lang='lat'>‘</span> <span class='ocrx_word' id='word_1_246' title='bbox 2486 3400 2553 3449; x_wconf 87' lang='lat' dir='ltr'><strong>ut</strong></span> <span class='ocrx_word' id='word_1_247' title='bbox 2576 3396 2732 3470; x_wconf 59' lang='grc' dir='ltr'><strong>πετο·</strong></span> 
     </span>
     <span class='ocr_line' id='line_1_33' title="bbox 835 3483 2729 3565; baseline 0.003 -22"><span class='ocrx_word' id='word_1_248' title='bbox 835 3483 1038 3545; x_wconf 82' lang='lat' dir='ltr'><strong>feratis</strong></span> <span class='ocrx_word' id='word_1_249' title='bbox 1058 3487 1210 3545; x_wconf 85' lang='lat' dir='ltr'><strong>hanc</strong></span> <span class='ocrx_word' id='word_1_250' title='bbox 1229 3484 1515 3545; x_wconf 82' lang='lat' dir='ltr'><strong>fraudem.</strong></span> <span class='ocrx_word' id='word_1_251' title='bbox 1604 3484 1823 3545; x_wconf 88' lang='lat' dir='ltr'><strong>Nihilo</strong></span> <span class='ocrx_word' id='word_1_252' title='bbox 1849 3486 2085 3547; x_wconf 84' lang='lat' dir='ltr'><strong>minoris</strong></span> <span class='ocrx_word' id='word_1_253' title='bbox 2108 3486 2260 3546; x_wconf 84' lang='lat' dir='ltr'><strong>hanc</strong></span> <span class='ocrx_word' id='word_1_254' title='bbox 2286 3486 2547 3565; x_wconf 80' lang='lat' dir='ltr'><strong>praedam</strong></span> <span class='ocrx_word' id='word_1_255' title='bbox 2574 3492 2729 3549; x_wconf 63' lang='lat' dir='ltr'><strong>msti-</strong></span> 
     </span>
     <span class='ocr_line' id='line_1_34' title="bbox 836 3581 2729 3662; baseline 0.002 -23"><span class='ocrx_word' id='word_1_256' title='bbox 836 3600 934 3640; x_wconf 89' lang='lat' dir='ltr'><strong>mo</strong></span> <span class='ocrx_word' id='word_1_257' title='bbox 957 3600 972 3639; x_wconf 76' lang='lat' dir='ltr'>x</span> <span class='ocrx_word' id='word_1_258' title='bbox 1015 3581 1199 3661; x_wconf 86' lang='lat' dir='ltr'><strong>pluris</strong></span> <span class='ocrx_word' id='word_1_259' title='bbox 1233 3581 1432 3651; x_wconf 89' lang='lat' dir='ltr'><strong>immo,</strong></span> <span class='ocrx_word' id='word_1_260' title='bbox 1459 3590 1683 3660; x_wconf 89' lang='lat' dir='ltr'><strong>quanto</strong></span> <span class='ocrx_word' id='word_1_261' title='bbox 1710 3592 1952 3662; x_wconf 64' lang='lat' dir='ltr'><strong>praestat</strong></span> <span class='ocrx_word' id='word_1_262' title='bbox 1976 3583 2167 3651; x_wconf 88' lang='lat' dir='ltr'><strong>amici,</strong></span> <span class='ocrx_word' id='word_1_263' title='bbox 2194 3600 2372 3661; x_wconf 86' lang='lat' dir='ltr'><strong>quam</strong></span> <span class='ocrx_word' id='word_1_264' title='bbox 2398 3582 2580 3643; x_wconf 82' lang='lat' dir='ltr'><strong>hostis</strong></span> <span class='ocrx_word' id='word_1_265' title='bbox 2604 3584 2729 3644; x_wconf 83' lang='lat' dir='ltr'><strong>fac-</strong></span> 
     </span>
     <span class='ocr_line' id='line_1_35' title="bbox 835 3676 2729 3757; baseline 0.002 -21"><span class='ocrx_word' id='word_1_266' title='bbox 835 3693 958 3744; x_wconf 79' lang='lat' dir='ltr'><strong>tum</strong></span> <span class='ocrx_word' id='word_1_267' title='bbox 983 3696 1106 3736; x_wconf 56' lang='lat' dir='ltr'><strong>me</strong></span> <span class='ocrx_word' id='word_1_268' title='bbox 1144 3677 1518 3757; x_wconf 64' lang='lat' dir='ltr'><strong>compotem!</strong></span> <span class='ocrx_word' id='word_1_269' title='bbox 1604 3676 1689 3736; x_wconf 86' lang='lat' dir='ltr'><strong>Et</strong></span> <span class='ocrx_word' id='word_1_270' title='bbox 1730 3678 2025 3737; x_wconf 88' lang='lat' dir='ltr'><strong>Lucilium</strong></span> <span class='ocrx_word' id='word_1_271' title='bbox 2052 3676 2287 3757; x_wconf 87' lang='lat' dir='ltr'><strong>quidem</strong></span> <span class='ocrx_word' id='word_1_272' title='bbox 2326 3696 2563 3738; x_wconf 81' lang='lat' dir='ltr'><strong>suomm</strong></span> <span class='ocrx_word' id='word_1_273' title='bbox 2602 3682 2729 3739; x_wconf 91' lang='lat' dir='ltr'><strong>cui-</strong></span> 
     </span>
     <span class='ocr_line' id='line_1_36' title="bbox 833 3770 2727 3855; baseline 0.003 -24"><span class='ocrx_word' id='word_1_274' title='bbox 833 3772 972 3832; x_wconf 87' lang='lat' dir='ltr'><strong>dam</strong></span> <span class='ocrx_word' id='word_1_275' title='bbox 993 3772 1317 3833; x_wconf 85' lang='lat' dir='ltr'><strong>curandum</strong></span> <span class='ocrx_word' id='word_1_276' title='bbox 1343 3770 1619 3831; x_wconf 85' lang='lat' dir='ltr'><strong>tradidit:</strong></span> <span class='ocrx_word' id='word_1_277' title='bbox 1662 3792 1853 3851; x_wconf 90' lang='lat' dir='ltr'><strong>eoque</strong></span> <span class='ocrx_word' id='word_1_278' title='bbox 1870 3774 2147 3845; x_wconf 78' lang='lat' dir='ltr'><strong>vicissim,</strong></span> <span class='ocrx_word' id='word_1_279' title='bbox 2164 3771 2287 3832; x_wconf 86' lang='lat' dir='ltr'><strong>fido</strong></span> <span class='ocrx_word' id='word_1_280' title='bbox 2304 3771 2519 3833; x_wconf 86' lang='lat' dir='ltr'><strong>deinde</strong></span> <span class='ocrx_word' id='word_1_281' title='bbox 2546 3785 2727 3855; x_wconf 87' lang='lat' dir='ltr'><strong>atque</strong></span> 
     </span>
     <span class='ocr_line' id='line_1_37' title="bbox 833 3868 1768 3938; baseline -0.002 -11"><span class='ocrx_word' id='word_1_282' title='bbox 833 3868 1144 3938; x_wconf 76' lang='lat' dir='ltr'><strong>benevole,</strong></span> <span class='ocrx_word' id='word_1_283' title='bbox 1171 3869 1248 3928; x_wconf 88' lang='lat' dir='ltr'><strong>ad</strong></span> <span class='ocrx_word' id='word_1_284' title='bbox 1274 3868 1471 3927; x_wconf 85' lang='lat' dir='ltr'><strong>omnia</strong></span> <span class='ocrx_word' id='word_1_285' title='bbox 1499 3887 1637 3929; x_wconf 88' lang='lat' dir='ltr'><strong>usus</strong></span> <span class='ocrx_word' id='word_1_286' title='bbox 1660 3877 1768 3928; x_wconf 85' lang='lat' dir='ltr'><strong>est.</strong></span> 
     </span>
     <span class='ocr_line' id='line_1_38' title="bbox 514 3960 2723 4041; baseline -0 -16"><span class='ocrx_word' id='word_1_287' title='bbox 514 3982 812 4033; x_wconf 61' lang='lat' dir='ltr'><strong>venam-c·</strong></span> <span class='ocrx_word' id='word_1_288' title='bbox 912 3970 1010 4024; x_wconf 80' lang='lat'><strong>23.</strong></span> <span class='ocrx_word' id='word_1_289' title='bbox 1057 3964 1298 4023; x_wconf 85' lang='lat' dir='ltr'><strong>Interea</strong></span> <span class='ocrx_word' id='word_1_290' title='bbox 1326 3963 1543 4022; x_wconf 86' lang='lat' dir='ltr'><strong>Brutus</strong></span> <span class='ocrx_word' id='word_1_291' title='bbox 1581 3980 1714 4022; x_wconf 89' lang='lat' dir='ltr'><strong>cum</strong></span> <span class='ocrx_word' id='word_1_292' title='bbox 1754 3982 1931 4023; x_wconf 88' lang='lat' dir='ltr'><strong>manu</strong></span> <span class='ocrx_word' id='word_1_293' title='bbox 1967 3960 2127 4020; x_wconf 88' lang='lat' dir='ltr'><strong>haud</strong></span> <span class='ocrx_word' id='word_1_294' title='bbox 2164 3962 2492 4041; x_wconf 86' lang='lat' dir='ltr'><strong>spernenda</strong></span> <span class='ocrx_word' id='word_1_295' title='bbox 2530 3964 2589 4023; x_wconf 88' lang='lat' dir='ltr'><strong>in</strong></span> <span class='ocrx_word' id='word_1_296' title='bbox 2630 3974 2723 4024; x_wconf 85' lang='lat' dir='ltr'><strong>tu·</strong></span> 
     </span>
     <span class='ocr_line' id='line_1_39' title="bbox 510 4045 2725 4139; baseline 0.003 -25"><span class='ocrx_word' id='word_1_297' title='bbox 510 4045 725 4109; x_wconf 65' lang='lat' dir='ltr'><strong>Appiam.</strong></span> <span class='ocrx_word' id='word_1_298' title='bbox 834 4056 1050 4117; x_wconf 88' lang='lat' dir='ltr'><strong>mulum</strong></span> <span class='ocrx_word' id='word_1_299' title='bbox 1092 4080 1153 4117; x_wconf 86' lang='lat' dir='ltr'><strong>se</strong></span> <span class='ocrx_word' id='word_1_300' title='bbox 1201 4068 1524 4139; x_wconf 86' lang='lat' dir='ltr'><strong>receperat,</strong></span> <span class='ocrx_word' id='word_1_301' title='bbox 1567 4058 1856 4129; x_wconf 74' lang='lat' dir='ltr'><strong>beneficio</strong></span> <span class='ocrx_word' id='word_1_302' title='bbox 1904 4058 2091 4116; x_wconf 87' lang='lat' dir='ltr'><strong>noctis</strong></span> <span class='ocrx_word' id='word_1_303' title='bbox 2137 4057 2193 4115; x_wconf 87' lang='lat' dir='ltr'><strong>in</strong></span> <span class='ocrx_word' id='word_1_304' title='bbox 2240 4068 2453 4129; x_wconf 85' lang='lat' dir='ltr'><strong>castra,</strong></span> <span class='ocrx_word' id='word_1_305' title='bbox 2502 4060 2597 4121; x_wconf 80' lang='lat' dir='ltr'><strong>vel</strong></span> <span class='ocrx_word' id='word_1_306' title='bbox 2646 4060 2725 4121; x_wconf 85' lang='lat' dir='ltr'><strong>ad</strong></span> 
     </span>
    </p>
   </div>
   <div class='ocr_carea' id='block_1_5' title="bbox 515 4110 2724 4239">
    <p class='ocr_par' dir='ltr' id='par_1_5' title="bbox 515 4110 2724 4239">
     <span class='ocr_line' id='line_1_40' title="bbox 515 4110 2724 4239; baseline 0.025 -40"><span class='ocrx_word' id='word_1_307' title='bbox 515 4110 730 4239; x_wconf 41' lang='lat' dir='ltr'><strong>*413ssth</strong></span> <span class='ocrx_word' id='word_1_308' title='bbox 725 4118 746 4158; x_wconf 81' lang='lat' dir='ltr'><strong>t</strong></span> <span class='ocrx_word' id='word_1_309' title='bbox 833 4172 992 4213; x_wconf 86' lang='lat' dir='ltr'><strong>mare</strong></span> <span class='ocrx_word' id='word_1_310' title='bbox 1026 4174 1322 4214; x_wconf 81' lang='lat' dir='ltr'><strong>evasurus.</strong></span> <span class='ocrx_word' id='word_1_311' title='bbox 1408 4154 1503 4213; x_wconf 85' lang='lat' dir='ltr'><strong>Eo</strong></span> <span class='ocrx_word' id='word_1_312' title='bbox 1535 4165 1795 4233; x_wconf 81' lang='lat' dir='ltr'><strong>tempore</strong></span> <span class='ocrx_word' id='word_1_313' title='bbox 1830 4152 2235 4232; x_wconf 79' lang='lat' dir='ltr'><strong>suspicientem</strong></span> <span class='ocrx_word' id='word_1_314' title='bbox 2278 4154 2339 4211; x_wconf 66' lang='lat' dir='ltr'><strong>iu</strong></span> <span class='ocrx_word' id='word_1_315' title='bbox 2373 4155 2586 4215; x_wconf 62' lang='lat' dir='ltr'><strong>coelum</strong></span> <span class='ocrx_word' id='word_1_316' title='bbox 2624 4178 2724 4217; x_wconf 59' lang='grc' dir='ltr'><strong>ω’</strong></span> 
     </span>
    </p>
   </div>
  </div>
 </body>
</html>
