3159 4959
880 479 1085 528 nunu
1134 479 1385 529 cxxx.
1432 479 1521 530 su
1536 479 1780 529 pennu
1795 479 2078 530 aarum.
2412 463 2588 531 5676

374 621 567 692 affuit,
592 630 815 681 vestem
856 629 921 680 et
962 623 1276 701 pecuniam
1312 622 1604 682 exercitui
1639 621 1864 694 divisit,
1903 623 2164 702 quinque
2203 631 2266 681 et

378 719 617 796 viginta
640 715 937 776 (ἰοῦ-τίοι·
976 717 1241 795 singulis,
1280 727 1567 798 tanquam
1607 718 1852 778 allatum
1880 739 1919 775 a
1943 717 2268 798 Cleopatra

376 812 741 872 donativum.
810 811 933 872 Sed
960 811 1063 872 alii
1081 823 1303 872 veste-
1328 833 1369 872 a
1392 813 1596 891 regina
1617 812 2052 893 suppeditatum
2078 815 2267 883 aiunt,

380 908 685 986 pecuniam
713 917 969 985 negant:
1008 917 1271 966 ceterum
1310 907 1471 966 illius
1511 908 1742 968 nomine
1766 909 2162 980 distributam,
2189 911 2268 967 ab
2295 917 2410 968 Dio.

382 1004 725 1082 imperatore
752 1001 1075 1082 profectam
1100 1022 1242 1061 esse.
1328 1001 1459 1064 Hic
1488 1003 1881 1083 expeditionis
1909 1003 2270 1064 Antonianae

378 1098 573 1156 exitus
610 1117 747 1158 cum
791 1097 1011 1156 Romae
1056 1117 1175 1156 non
1220 1098 1608 1175 ignoraretur,
1655 1107 1716 1157 et
1759 1097 1923 1158 fama
1967 1101 2269 1159 nuntiante

380 1193 712 1262 veritatem,
734 1201 797 1251 et
812 1190 1123 1269 diligenter
1148 1191 1493 1271 explorante
1518 1201 1735 1250 cuncta
1759 1189 2031 1262 Caesare3
2075 1204 2272 1254 tamen

382 1289 839 1368 supplicationes
880 1289 941 1347 in
984 1287 1175 1358 Urbe,
1222 1298 1505 1366 tanquam
1548 1289 1696 1347 bene
1741 1299 1903 1367 gesta
1949 1290 2274 1370 republica,

382 1383 638 1443 fuerunt.
723 1382 969 1462 Quippe
1016 1381 1281 1452 Marcus,
1329 1383 1644 1442 occultatis
1689 1382 1980 1455 cladibus,
2023 1393 2276 1444 tantum-

388 1477 587 1549 modo,
613 1481 661 1537 si
689 1498 809 1557 qua
834 1484 1001 1536 erant
1024 1477 1205 1556 paulo
1230 1475 1497 1548 meliora,
1534 1477 1794 1539 inflatius
1832 1481 2277 1559 perscripserat:
2305 1489 2436 1538 vell.
2474 1488 2601 1537 Flos.

386 1573 548 1652 quod
571 1575 741 1632 vivus
771 1592 805 1632 e
842 1573 1022 1632 tantis
1056 1571 1332 1652 periculis
1364 1574 1666 1644 evasisset,
1703 1575 2005 1634 victoriam
2043 1594 2278 1634 vocans.
2305 1553 2423 1602 ⁰⁵⁰·

392 1669 477 1728 Et
526 1666 947 1748 supersedebat
996 1687 1241 1746 arguere
1293 1665 1516 1739 Caesar,
1564 1667 1808 1728 durante
1860 1669 2056 1728 adhuc
2108 1667 2280 1729 Sexti

390 1762 549 1822 bello
573 1782 587 1821 :
630 1761 763 1820 dein
790 1771 951 1821 ratus
974 1761 1117 1834 fore,
1148 1770 1215 1820 ut
1244 1761 1543 1822 Antonius
1565 1782 1672 1822 sua
1697 1763 1808 1822 sibi
1835 1763 2117 1823 vecordia
2153 1783 2278 1822 ma·

392 1859 513 1918 lum
541 1867 873 1918 arcesseret.
1010 1875 1015 1877 ·

475 1961 573 2013 30.
618 1952 757 2013 Nec
798 1953 1040 2014 deerant
1082 1973 1216 2032 quae
1258 1951 1419 2013 domi
1465 1961 1831 2024 curarentur,
1875 1954 1974 2013 ubi
2020 1954 2283 2034 quotidie

396 2047 586 2107 multa
610 2068 686 2107 ex
716 2049 960 2127 antiquo
986 2067 1145 2108 more
1172 2049 1568 2108 mutabantur.
1653 2047 1822 2107 Nam
1861 2068 2052 2128 neque
2087 2049 2289 2109 aediles

398 2143 551 2203 ullos
574 2143 683 2202 iste
710 2163 897 2203 annus
921 2143 1167 2212 habuit;
1212 2143 1371 2221 quod
1394 2141 1671 2203 civilibus
1695 2142 1869 2201 bellis
1893 2145 2111 2203 attritae
2139 2143 2287 2204 mul-

398 2249 589 2298 torum
654 2236 969 2298 facultates
1038 2238 1259 2296 insanis
1320 2237 1592 2296 ludorum
1650 2238 1938 2296 sumtibus
1997 2239 2293 2297 terrebant

400 2335 719 2412 petituros:
762 2349 951 2410 neque
1010 2330 1324 2410 praefectus
1381 2331 1567 2391 Urbis
1615 2330 1886 2391 feriarum
1929 2351 2108 2391 causa
2159 2331 2291 2391 suit.

402 2427 525 2486 Sed
550 2425 787 2486 illorum
810 2425 1074 2505 partibus
1092 2433 1367 2505 praetores
1390 2435 1452 2485 et
1474 2426 1695 2486 tribuni
1714 2426 1904 2506 plebis
1921 2426 2108 2486 functi
2126 2436 2260 2486 sunt
2273 2447 2290 2494 ς

402 2523 601 2600 liujus,
627 2520 843 2581 delecti
870 2520 1111 2600 quidam
1138 2541 1173 2579 e
1196 2519 1451 2599 collegio
1474 2529 1808 2601 praetorum.
1891 2519 2155 2601 Reliqua
2189 2543 2290 2582 ne-

403 2617 565 2694 gotia
602 2615 843 2696 publica
881 2624 1005 2675 tum
1040 2618 1099 2674 in
1130 2615 1321 2687 Urbe,
1347 2625 1473 2675 tum
1510 2637 1615 2696 per
1649 2617 1980 2676 universam
2021 2617 2290 2688 Italiam,

406 2711 513 2770 illo
536 2723 597 2770 et
622 2712 1002 2790 sequentibus
1028 2711 1495 2789 aliquammultis
1534 2711 1726 2782 annis,
1754 2710 1830 2772 C.
1871 2711 2100 2772 Cilnius
2139 2713 2292 2772 Mae-

362 2799 370 2804 ’
406 2827 581 2866 cenas
602 2826 783 2886 eques
809 2805 1121 2865 Romanus
1146 2805 1588 2865 administravit.
2325 2820 2452 2868 Fasti
2464 2819 2628 2884 Capit.

490 2910 589 2962 31.
634 2901 863 2962 Eodem
892 2921 1047 2961 auno
1075 2900 1190 2961 Cn.
1220 2901 1524 2962 Domitius
1550 2903 1958 2983 triumphavit,
1994 2903 2072 2961 ob
2108 2923 2200 2961 res
2236 2902 2296 2960 in
2324 2885 2627 2933 Dioxtvm.

413 2998 711 3078 Hispania
750 3005 962 3074 gestas,
1004 2997 1088 3055 A.
1130 2995 1213 3054 D.
1256 3013 1404 3056 xvx.
1455 2996 1764 3060 Kalendas
1805 2997 2086 3057 Sextiles.
2172 2995 2302 3055 Hic

412 3112 619 3152 aurum
644 3092 1007 3152 coronarium
1046 3109 1161 3148 non
1201 3091 1277 3148 ab
1314 3091 1452 3150 aliis
1480 3111 1658 3169 quam
1699 3091 2014 3171 Hispaniae
2047 3093 2301 3152 civitati-

414 3190 523 3248 bus
548 3195 881 3266 acceptum,
909 3185 1121 3264 partim
1151 3185 1483 3244 instruendo
1506 3187 1798 3266 triumpho
1823 3187 2123 3255 insumsit;
2171 3186 2302 3246 reli-

414 3301 596 3362 quum
622 3281 878 3342 contulit
903 3279 979 3339 ad
1007 3278 1381 3338 refectionem
1418 3279 1710 3339 Palatia-¹
1773 3279 2078 3358 ‘Ejusdem
2116 3281 2307 3360 operis

416 3378 775 3438 ornamentis
818 3385 881 3434 et
920 3384 1125 3433 mutuo
1167 3381 1389 3434 sumtus
1432 3373 1509 3433 ad
1559 3375 1913 3454 triumphum
1975 3396 2014 3434 a
2071 3377 2304 3436 Caesare

416 3472 655 3532 tabulas
687 3480 748 3530 et
780 3478 1007 3530 statuas
1044 3469 1391 3538 immiscuit;
1434 3471 1836 3550 repetentique
1865 3469 2090 3530 Caesari
2114 3471 2306 3530 facete

418 3567 740 3648 respondit,
780 3575 798 3602 ⁶
824 3567 1082 3624 mitteret
1120 3566 1241 3644 ipse
1284 3572 1346 3624 et
1383 3565 1628 3643 juberet
1665 3565 1831 3634 tolli;
1875 3567 1986 3625 sibi
2036 3569 2188 3625 enim
2228 3567 2304 3626 ad

420 3665 535 3723 hoc
558 3660 941 3722 ministerium
966 3661 1167 3718 deesse
1193 3659 1488 3720 famulos?
1569 3659 1656 3719 Et
1679 3659 1905 3730 Caesar,
1923 3681 1996 3720 ne
2025 3681 2116 3721 res
2138 3660 2306 3721 dedi-

420 3769 589 3818 catas
633 3757 771 3817 Diis
810 3754 1035 3815 auferre
1078 3754 1390 3825 videretur,
1432 3755 1751 3833 acquievit.
1835 3755 2004 3814 Huic
2047 3757 2308 3818 victoriae

496 3928 748 3990 'Quinque
781 3931 830 3974 et
862 3925 1071 3986 triginta
1106 3921 1343 3986 damin]
1394 3937 1497 3972 vox
1519 3923 1712 3972 (ξι-παι
1733 3923 1998 3982 βασίλεων,
2019 3937 2120 3987 qua
2147 3923 2311 3974 utitur

424 3992 619 4042 Uncias
640 3989 837 4051 argenti
858 3997 1119 4038 nostrates
1137 3991 1185 4035 4.
1203 4000 1345 4049 gros·
1396 3986 1514 4042 Dio,
1561 3989 1740 4036 melius
1801 3995 2090 4036 verteretur
2141 3989 2311 4048 regia.-

426 4061 581 4105 sost·
624 4057 767 4104 (ἶνιν.
1370 4063 1581 4112 ·nempe
1621 4051 1807 4100 Numae
1849 4053 1987 4110 regia
2031 4051 2082 4098 in
2125 4051 2312 4098 radici-

494 4127 527 4153 n
566 4116 771 4179 Palatii]
798 4117 1046 4178 Sequitur
1089 4114 1343 4176 interpre·
1396 4113 1491 4162 bus
1528 4115 1735 4174 Palatii,
1759 4115 1869 4164 sive
1903 4114 2132 4164 Palatini
2173 4126 2309 4163 mou·

431 4191 535 4232 tem
576 4183 754 4231 Dionis
776 4179 1174 4231 Freinshemius.
1240 4175 1342 4226 Sed
1400 4179 1483 4239 tis,
1503 4177 1620 4227 sita.
1659 4179 1799 4227 Creu.
