3159 4959
559 406 733 473 5814

1510 425 1581 469 '1'-
1629 424 1818 472 mvn

958 573 1057 627 92.
1104 576 1119 601 ‘
1148 565 1313 632 Quid
1340 574 1536 626 autem
1564 576 1731 625 vetat
1753 584 1850 625 me
1875 565 1950 624 de
1987 564 2250 644 partibus
2273 582 2510 643 quoque
2535 565 2789 625 nobilio-

880 664 1039 723 ribus
1059 671 1356 743 praecepta
1381 664 1549 723 vobis
1567 661 1842 741 quaedam
1872 661 2126 729 tradere,
2153 660 2296 738 quid
2325 658 2452 719 fieri
2477 662 2788 741 expediat,

880 761 1007 837 ipso
1046 780 1219 839 opere
1264 778 1507 839 usuque,
1546 759 1656 817 nisi
1693 758 1837 838 quid
1873 758 2072 827 fallor,
2111 757 2430 817 edoctum?
2475 757 2787 837 Principio

878 856 1056 931 igitur
1084 854 1241 933 leges
1266 854 1620 914 immutabili
1645 854 2022 913 observantia
2054 852 2259 912 colite.
2341 850 2682 912 Plurimum
2719 854 2782 911 in

878 949 989 1009 hoc
1017 970 1133 1010 uno
1160 950 1435 1011 utilitatis
1458 961 1586 1010 est:
1629 959 1692 1009 et
1731 949 1966 1009 felicius
1999 958 2180 1026 agunt
2203 948 2498 1017 civitates,
2525 968 2660 1028 quae
2695 949 2784 1009 le·

878 1066 977 1125 ges
1020 1047 1198 1106 etiam
1246 1048 1452 1125 aliqua
1496 1056 1663 1126 parte
1710 1046 1954 1105 vitiosas
2013 1051 2374 1113 reverentur,
2417 1061 2594 1122 quam
2642 1064 2782 1123 quae

876 1162 1107 1221 semper
1158 1142 1385 1222 aliquid
1436 1152 1752 1213 mutantes,
1815 1141 2102 1201 delectari
2155 1142 2346 1217 magis
2399 1140 2786 1199 emendandis

877 1238 1108 1315 legibus
1153 1258 1331 1317 quam
1360 1238 1688 1299 emendatis
1715 1239 1800 1298 uti
1833 1237 2126 1297 videntur.
2213 1236 2354 1298 Nec
2382 1236 2620 1318 publice
2647 1246 2782 1298 tan·

876 1341 1002 1393 tum
1037 1336 1445 1395 auctoritatem
1474 1354 1675 1396 earum
1701 1333 2104 1403 defenderitis,
2133 1332 2236 1393 sed
2265 1335 2375 1415 ipsi
2405 1353 2640 1413 quoque
2671 1332 2781 1393 do-

878 1430 981 1500 mi,
1018 1434 1401 1504 sermonibus,
1436 1433 1884 1511 actionibusque
1923 1431 2196 1489 omnibus
2229 1431 2560 1510 sequimini.
2621 1429 2781 1488 Pro-

874 1527 1099 1587 vincias
1126 1548 1271 1608 pace
1300 1528 1579 1608 belloque
1605 1528 1890 1607 regendas
1915 1529 2142 1608 optimo
2179 1529 2393 1606 cuique
2421 1536 2598 1606 atque
2623 1528 2784 1606 peri-

876 1622 1099 1683 tissimo
1140 1624 1417 1685 mandate
1462 1627 1612 1685 citra
1657 1624 1942 1685 invidiam
1985 1633 2048 1683 et
2086 1625 2333 1704 privatae
2379 1624 2461 1682 rei
2497 1622 2780 1693 studium,

874 1720 1037 1796 quod
1064 1720 1223 1798 apud
1266 1722 1480 1799 probos
1515 1731 1577 1779 et
1613 1720 1927 1799 prudentes
1953 1718 2210 1779 utilitate
2237 1719 2480 1800 publica
2502 1718 2778 1778 vincitur.

878 1814 1157 1874 Honores
1184 1836 1499 1895 poenasque
1527 1836 1633 1896 pro
1657 1817 2182 1895 merito-cujusque
2210 1826 2628 1897 repraesentare
2655 1834 2778 1873 me-

874 1912 1171 1981 mineritis.
1260 1912 1605 1972 Familiaria
1643 1913 1823 1984 bona,
1867 1914 1919 1972 si
1980 1914 2293 1973 necessitas
2339 1912 2618 1993 postulet,
2671 1934 2780 1993 pro

875 2007 1129 2088 publicis
1155 2009 1371 2069 habere
1398 2030 1471 2068 ne
1498 2010 1890 2069 cunctemini:
1927 2008 2182 2089 publicis
2201 2018 2396 2068 autem
2426 2008 2586 2067 baud
2599 2028 2780 2069 secus

876 2113 1053 2183 atque
1080 2105 1289 2164 alienis
1312 2106 1624 2165 abstinete.
1710 2104 1930 2164 Vestra
1953 2106 2220 2183 gnaviter
2257 2106 2501 2164 tuemini
2526 2126 2540 2164 :
2583 2104 2778 2165 aliena

876 2221 951 2259 ne
986 2202 1419 2280 concupiscite:
1486 2204 1781 2261 sociorum
1827 2202 2032 2282 spoliis
2069 2222 2142 2261 ac
2185 2202 2554 2262 contumeliis
2595 2202 2778 2261 absti-

878 2308 1051 2357 nete:
1096 2299 1291 2359 hostes
1328 2300 1543 2377 injuria
1576 2320 1650 2359 ne
1697 2310 2052 2380 provocate;
2085 2300 2386 2380 provocati
2433 2318 2510 2359 ne
2550 2301 2776 2359 timete.

878 2393 1071 2453 Arma
1095 2414 1323 2476 semper
1348 2397 1405 2454 in
1434 2396 1704 2455 manibus
1729 2404 1938 2464 sunto;
1985 2396 2090 2455 sed
2113 2396 2240 2455 haec
2267 2414 2376 2455 nec
2405 2397 2464 2454 in
2491 2416 2598 2454 vos
2619 2396 2778 2475 ipsos

878 2491 1151 2562 invicem,
1208 2511 1316 2552 nec
1361 2494 1421 2552 in
1468 2514 1804 2573 quenquam
1849 2502 2124 2573 pacatum
2171 2492 2462 2552 vertitote.
2549 2492 2780 2551 Milites

876 2586 1073 2661 alendi
1100 2589 1269 2647 vobis
1292 2600 1481 2659 erunt,
1512 2610 1585 2649 ne
1613 2590 1744 2650 aliis
1769 2589 2030 2649 insidiari
2059 2590 2402 2648 necessitate
2429 2587 2776 2667 adigantur:

878 2691 941 2741 at
982 2684 1159 2742 iidem
1198 2695 1261 2744 et
1292 2686 1628 2755 cohibendi,
1667 2706 1740 2745 ne
1772 2685 1916 2779 quid
1945 2686 2086 2745 mali
2114 2706 2220 2767 per
2255 2685 2562 2745 audaciam
2602 2684 2774 2744 lasci-

876 2778 1148 2856 viamque
1174 2780 1523 2859 cuicumque
1551 2782 1820 2841 inferant.

956 2879 1056 2931 93.
1102 2884 1118 2908 ‘
1142 2873 1261 2933 Sed
1301 2874 1443 2954 quid
1480 2896 1594 2953 ego
1635 2876 1811 2955 longo
1849 2898 2134 2950 sermone,
2171 2897 2306 2956 quoe
2345 2878 2462 2938 siut
2499 2876 2778 2939 facienda

876 2970 1065 3041 vobis,
1094 2973 1403 3051 exequor?
1446 2973 1547 3033 Ex
1573 2974 1664 3033 his
1691 2975 1846 3033 enim
1875 2994 2006 3054 quoe
2043 2976 2206 3035 dicta
2229 2984 2384 3045 sunt,
2411 2976 2590 3034 etiam
2616 2984 2776 3035 eete-

878 3087 1069 3126 rorum
1114 3070 1421 3139 rationem,
1458 3090 1707 3149 quaeque
1750 3068 1979 3149 agenda
2011 3072 2202 3141 vobis,
2244 3091 2493 3150 quaeque
2532 3070 2778 3131 vitanda

876 3172 1069 3232 erunt,
1120 3164 1279 3223 haud
1318 3164 1630 3226 difficulter
1677 3166 2049 3245 collegetitis.
2134 3167 2211 3226 In
2261 3167 2374 3225 hoc
2431 3168 2607 3244 igitur
2655 3186 2774 3225 uno

877 3270 1292 3340 praeceptoque
1319 3270 1571 3341 votoque
1608 3262 1830 3333 finiam,
1861 3273 1924 3322 ut
1950 3263 2036 3321 sic
2057 3272 2323 3341 gerentes
2347 3262 2774 3341 rempublicam

876 3355 1079 3416 felices
1102 3358 1213 3437 ipsi
1236 3359 1388 3423 sitis.
1414 3368 1479 3417 et
1510 3359 1654 3417 mihi
1693 3361 1942 3437 gratiam
1978 3359 2270 3427 habeatis,
2293 3359 2464 3437 cujus
2487 3377 2668 3438 opera
2693 3378 2772 3417 ex

876 3454 1197 3512 miserrimo
1220 3462 1379 3512 statu
1410 3455 1670 3532 provecti
1695 3456 1754 3512 in
1787 3454 2184 3515 felicissimum
2227 3454 2480 3515 fueritis:
2525 3474 2596 3511 ne
2621 3452 2772 3512 forte

878 3546 1065 3626 (quod
1120 3548 1296 3617 absit,
1344 3550 1673 3628 aberitque)
1713 3550 2116 3627 gubernationi
2163 3571 2352 3609 rerum
2397 3550 2668 3629 impares,
2711 3558 2776 3609 et

874 3642 1017 3701 mihi
1057 3644 1453 3721 poenitentiam
1482 3646 1764 3725 injiciatis
1795 3648 2022 3707 consilii
2065 3649 2200 3719 mei,
2245 3658 2306 3706 et
2330 3645 2612 3727 populum
2637 3643 2770 3704 Ro-

874 3758 1108 3797 manum
1138 3742 1306 3799 novis
1326 3742 1531 3801 iterum
1559 3744 1834 3823 periculis
1859 3754 1920 3803 et
1944 3744 2116 3804 bellis
2139 3746 2490 3825 implicetis!

952 3842 1051 3899 94.
1103 3835 1263 3895 Haec
1290 3840 1477 3897 oratio
1502 3860 1620 3899 non
1641 3841 1814 3900 aliter
1839 3852 2016 3921 atque
2043 3862 2148 3922 pro
2171 3844 2572 3921 magnitudine
2593 3846 2765 3905 inex-

872 3940 1124 4009 pectatoe
1146 3945 1169 3978 ⁸
1228 3934 1310 3991 rei
1362 3934 1726 3994 audientium
1789 3938 2015 3997 animos
2063 3940 2226 3998 vario
2281 3949 2440 3998 motu
2494 3942 2766 4022 perculit.

870 4024 1066 4085 Pauci
1111 4030 1323 4087 mentis
1360 4032 1490 4107 ejus
1534 4032 1750 4090 conscii
1788 4052 1864 4091 ex
1903 4044 2215 4113 compacto
2254 4036 2764 4115 astipulabantur:

869 4130 1197 4181 ceterorum
1222 4125 1581 4185 credentium
1612 4128 1811 4199 dictis„
1855 4139 1960 4189 aut
1990 4128 2402 4204 diffidentium,
2445 4153 2482 4193 a
2519 4132 2770 4194 diversis

1407 4337 1438 4383 8
1476 4334 1753 4397 Expectata
1773 4335 1895 4386 edd.
1919 4345 2040 4387 ante
2065 4336 2220 4389 Crev-
