3159 4959
863 454 1068 503 maru
1118 453 1423 503 cxxxv.
1466 454 1808 503 suerum
1823 456 2106 507 ENTUM.
2414 442 2588 507 5829

374 616 513 679 pere
538 617 645 677 pro
669 616 731 657 se
754 598 1179 675 indignantium
1203 619 1219 665 ;
1263 597 1365 657 sed
1392 607 1454 657 et
1478 596 1874 676 illacrymasse
1911 617 2069 666 eum,
2097 596 2262 657 nobi-

374 693 535 772 lique
558 714 703 753 voce
728 702 1017 772 questum,
1060 703 1079 729 ‘
1100 694 1212 752 sibi
1238 695 1351 753 soli
1378 713 1493 752 non
1520 692 1696 753 licere
1723 694 1950 763 amicis,
1975 701 2264 771 quatenus

263 794 279 805 “
372 787 577 858 vellet,
608 790 819 847 irasci)

453 892 512 946 ¹7.
556 884 810 943 Tantum
849 883 1187 963 exemplum
1228 882 1373 943 nihil
1418 883 1509 943 M.
1542 884 1862 961 Egnatium
1899 882 2126 943 Rufum
2155 883 2258 943 de·
2285 892 2399 941 Dio.

372 968 599 1057 terruit,
620 978 801 1055 (adeo
827 980 1026 1059 plures
1050 978 1293 1037 aliorum
1322 979 1752 1057 improbitatem
1779 979 2062 1049 aemulari,
2079 998 2258 1057 quam

369 1076 553 1133 vereri
594 1093 825 1154 poenam
859 1075 1219 1149 didicerunt)
1258 1075 1569 1152 quominus
1603 1075 1682 1133 ad
1715 1074 1966 1133 similem
2005 1074 2257 1133 furorem

368 1170 790 1248 prolaberetur.
874 1168 1091 1227 AEdilis
1136 1188 1323 1248 nuper
1364 1178 1426 1227 et
1466 1171 1588 1228 alia
1627 1190 1742 1229 non
1785 1172 1978 1249 inepte
2015 1169 2258 1237 fecerat,
2284 1178 2580 1229 Venanm.

368 1274 449 1333 et,
476 1265 685 1323 oborto
725 1265 873 1323 forte
916 1263 1214 1333 incendio,
1242 1284 1345 1342 per
1383 1264 1620 1323 servitia
1657 1284 1764 1323 sua
1789 1273 1850 1323 et
1873 1265 2260 1323 mercenarios
2282 1254 2332 1289 ‘⁶‘
2353 1243 2398 1289 D
2401 1244 2467 1291 io.

366 1379 542 1438 opem
569 1360 787 1419 tulerat
811 1359 1231 1417 laborantibus,
1318 1358 1419 1417 Ob
1446 1360 1560 1418 ista
1586 1358 1789 1439 populi
1819 1362 1986 1436 jussu
2011 1360 2258 1437 pecunia

366 1474 444 1513 ex
478 1454 721 1533 publico
762 1455 928 1525 data,
972 1454 1279 1533 factusque
1316 1462 1525 1533 praeter
1560 1455 1722 1533 leges
1743 1455 1940 1514 statim
1965 1474 2042 1513 ex
2069 1454 2256 1513 redili-

366 1559 490 1611 tate
513 1559 745 1629 praetor,
775 1552 833 1609 in
861 1560 1090 1609 tantum
1112 1552 1227 1609 sibi
1261 1551 1507 1630 placuit,
1532 1560 1601 1609 ut
1635 1550 1968 1628 Angustum
1991 1559 2254 1609 contem·
2282 1556 2400 1605 Dio.

364 1655 548 1716 neret,
578 1647 887 1725 edictoque
914 1650 1232 1727 proponite,
1276 1656 1293 1682 ⁴
1312 1666 1421 1706 sua
1454 1666 1634 1726 opera
1667 1648 1898 1705 salvam
1937 1646 2256 1723 integram-

364 1763 481 1821 que
510 1742 736 1801 Urbem
775 1744 1201 1803 successoribus
1236 1741 1391 1801 tradi
1408 1744 1426 1771 ’
1466 1742 1830 1821 gloriaretur.
1917 1741 2041 1800 His
2065 1763 2254 1820 quan-

362 1832 539 1917 quam
566 1838 821 1898 offensus
844 1858 980 1898 cum
1004 1839 1366 1897 nobilissimo
1390 1857 1626 1916 quoque
1651 1846 1889 1916 patrum
1925 1835 2252 1913 Augustus,

361 1935 506 1991 satis
531 1929 727 1993 tamen'
752 1936 814 1993 in
842 1934 1151 2011 praesentia
1175 1932 1385 1991 habuit
1422 1932 1700 1991 aedilibus
1739 1933 2067 2009 injungere,
2111 1940 2128 1965 ‘
2147 1932 2255 1991 da-

361 2036 493 2087 rent
532 2048 794 2108 operam,
834 2048 907 2087 ne
946 2048 1069 2107 qua
1094 2025 1385 2089 ‚incendia
1423 2028 1770 2095 existerent,
1797 2034 1922 2095 aut,
1949 2027 2000 2083 si
2024 2027 2254 2085 extitis-

360 2132 509 2193 sent,
536 2124 595 2183 in
624 2133 882 2203 tempore
918 2119 1449 2199 restinguerentur?

438 2228 499 2279 8.
544 2198 795 2279 Eodem'
824 2240 977 2280 anno
1029 2219 1215 2278 Ponti
1264 2238 1371 2277 rex
1418 2218 1698 2288 Polemo,
1741 2219 1892 2277 inter
1939 2218 2129 2277 socios
2179 2238 2252 2279 ac

331 2314 665 2373 ·foederatos
688 2314 891 2394 populi
924 2314 1191 2372 Romani
1227 2314 1535 2392 ascriptus,
1565 2315 1624 2371 in
1649 2314 1918 2373 universo
1943 2332 2120 2390 regno
2145 2332 2250 2371 suo

358 2410 547 2489 prima
573 2410 631 2467 in
660 2410 899 2468 theatris
923 2408 1061 2467 loca
1082 2409 1447 2467 senatoribus
1474 2408 1768 2467 Romanis
1791 2407 1922 2467 dari
1947 2410 2248 2487 praecepit.

361 2504 447 2563 Et
489 2502 707 2563 Romae
742 2503 888 2563 Sex.
917 2503 1217 2582 Apuleius
1259 2501 1401 2561 Sex.
1431 2502 1503 2561 F.
1530 2502 1678 2561 Sex.
1719 2502 1808 2561 N.
1835 2502 2144 2583 proconsul
2171 2522 2252 2561 ex
2275 2504 2312 2552 F
2313 2506 2570 2572 astiCapit.

358 2599 665 2679 Hispania
691 2600 777 2659 A.
809 2599 892 2658 D.
922 2616 1050 2659 vn.
1098 2597 1403 2657 Kalendas
1448 2598 1806 2657 Februarias
1843 2600 2248 2678 triumphavit.

358 2694 485 2755 Sub
512 2696 671 2756 idem
696 2704 927 2775 tempus
950 2694 1171 2754 clausae
1198 2714 1383 2774 nuper
1420 2694 1558 2753 Jani
1602 2704 1784 2773 portae
1809 2694 2004 2753 denuo
2043 2704 2250 2775 patue-
2305 2704 2444 2753 Oros.
2495 2722 2569 2753 vr.

354 2800 508 2849 runt.
579 2791 899 2849 Britannos
924 2790 1209 2870 promissa
1236 2808 1349 2848 non
1375 2798 1676 2849 servantes
1701 2788 1862 2848 bello
1887 2798 2087 2869 petere
2113 2791 2248 2850 Au·
2273 2772 2389 2883 {¹53-

354 2895 555 2964 gustus
576 2884 918 2945 destinarat.
984 2884 1106 2943 Sed
1131 2883 1485 2963 praepeditus
1505 2883 1894 2953 Salassorum,
1914 2884 2246 2945 Cantabro-
2268 2902 2280 2913 ·

353 3000 623 3059 rumque,
653 2988 713 3039 et
756 2980 1044 3039 Asturum
1081 2978 1431 3048 rebellione,
1476 2980 1553 3036 ad
1582 2980 1704 3037 bos
1745 2980 1906 3056 prius
1945 2980 2248 3057 pacandos

352 3076 599 3135 consilia
622 3074 931 3133 convertit.
1004 3072 1201 3150 Igitur
1224 3091 1380 3129 nono
1400 3072 1734 3142 consulatu,
1760 3075 1930 3149 cujus
1955 3072 2246 3151 collegam

354 3173 449 3231 M.
475 3171 717 3232 Junium
755 3169 1023 3229 Silanum
1056 3168 1321 3237 babuit?
1344 3169 1521 3226 etiam
1549 3167 1886 3226 Tarracone
1921 3169 2093 3237 inito,
2120 3172 2246 3247 ipse

353 3268 661 3349 Hispanos
684 3266 1003 3326 domiturus
1018 3263 1249 3343 Alpina
1272 3262 1435 3323 bella
1458 3262 1738 3322 'Ferentio
1755 3262 2012 3321 Varroni
2041 3263 2246 3323 Mure-
2301 3254 2498 3304 Sueton.

350 3362 442 3423 'nae
466 3364 866 3425 demandavit.
2267 3318 2396 3431 ῧῑίῑξ·
2416 3323 2498 3367 26.

428 3468 489 3519 9.
534 3458 755 3519 Salassi
808 3478 989 3538 nuper
1044 3455 1289 3516 Gallico
1339 3456 1503 3515 bello
1553 3456 1648 3515 M.
1699 3454 2000 3514 Messallae
2051 3462 2244 3513 castra
2297 3476 2565 3531 θώων,

350 3550 691 3635 propinquis
728 3555 876 3614 locis
916 3553 1179 3621 habenti,
1208 3552 1369 3629 ligna
1408 3552 1487 3610 ad
1530 3550 1750 3621 focum,
1789 3560 1852 3609 et
1890 3550 2124 3609 hastilia
2163 3548 2240 3609 ad
2266 3558 2317 3607 P·
2339 3545 2432 3589 2⁰5

351 3651 822 3720 exercitationes,
850 3670 965 3710 non
1004 3650 1115 3708 nisi
1152 3648 1341 3727 pretio
1382 3656 1654 3725 accepto,
1681 3646 1996 3714 dederant3
2039 3656 2100 3704 et
2131 3666 2239 3704 nu-

350 3766 456 3826 per
479 3766 583 3825 per
606 3746 1037 3805 simulationem
1060 3744 1308 3813 viarum,
1338 3752 1441 3800 aut
1469 3743 1734 3820 pontium
1768 3739 2238 3809 reficiendorum,

349 3862 482 3901 cum
510 3842 736 3918 magnis
760 3840 967 3920 copiis,
976 3841 1129 3917 juga
1164 3838 1441 3896 montium
1466 3836 1802 3906 insidentes,
1829 3837 1990 3895 saxis
2013 3837 2072 3893 in
2099 3836 2236 3893 sub-

337 3939 509 4014 jecta
535 3936 850 4005 devolutis,
878 3934 1211 4014 pecuniam,
1237 3950 1373 4010 qure
1414 3931 1491 3990 ad
1532 3931 1830 3991 Caesarem
1870 3932 2236 4009 portabatur,

350 4034 798 4112 interceperant.
884 4028 1025 4089 Hos
1050 4028 1229 4105 igitur
1250 4026 1451 4091 divisis
1486 4028 1674 4107 copiis
1700 4026 1919 4097 Varro,
1947 4046 2065 4106 quo
2103 4024 2233 4105 plu·
2261 4045 2378 4099 Dio.

346 4129 513 4198 ribus
556 4128 704 4189 locis
748 4124 1029 4189 invadens
1068 4123 1439 4194 distraheret,
1465 4122 1630 4181 haud
1665 4120 1976 4183 difficulter
2017 4142 2234 4205 paucos

844 4308 852 4318 ·
910 4286 941 4337 9
976 4284 1040 4333 Α.
1067 4286 1133 4335 U.
1158 4285 1219 4337 C.
1240 4288 1355 4334 ⁷2⁷.
1424 4283 1487 4333 Α.
1512 4285 1571 4333 C.
1595 4287 1677 4332 26.
