3159 4959
557 400 733 471 5624
1507 418 1574 464 τ’.
1622 417 1809 467 mvn

589 571 804 638 Appian-
879 568 988 621 ‘est-
1071 558 1196 619 Sed
1237 558 1442 618 Cesar
1485 554 1524 617 a
1557 556 1803 635 Rhegio
1844 576 1977 617 cum
2019 574 2235 634 magno
2260 554 2517 617 militum
2556 554 2621 617 et
2665 556 2768 619 n's-

879 655 1039 715 vium
1065 674 1304 715 numero
1343 654 1560 713 fretum
1586 654 1897 730 ingressus,
1938 652 2073 711 cum
2101 652 2307 711 amicis
2330 653 2597 731 placeret
2623 674 2767 733 pug-

877 748 1008 809 nari
1045 770 1180 809 cum
1205 749 1524 829 Pompeio,
1549 746 1947 827 quadraginta
1982 747 2209 805 tantum
2248 765 2431 806 naves
2462 768 2664 807 secum
2690 748 2769 807 ad

589 849 792 897 suston-
884 845 1222 904 Messanam
1260 844 1539 915 habente,
1583 862 1699 902 non
1742 842 1955 923 paruit,
1994 841 2427 901 festinationem
2468 845 2771 904 temerita-

563 914 793 977 A⁸3⁸²⁶'
881 948 1118 1019 temque
1167 958 1394 1019 semper
1443 938 1722 999 damnare
1782 938 2009 1007 solitus,
2062 946 2127 997 et
2186 946 2203 971 ‘
2248 938 2395 997 satis
2430 940 2555 999 cito
2606 938 2733 999 fieri
2754 942 2770 966 ’

882 1035 1162 1097 dictitans
1203 1044 1221 1070 ‘
1265 1054 1400 1113 quae
1444 1034 1588 1093 satis
1628 1032 1776 1093 fiant
1832 1034 1985 1093 bene
2014 1050 2029 1091 ε
2086 1034 2279 1112 neque
2334 1034 2769 1113 suscipiendum

883 1130 1148 1210 praelium
1191 1150 1338 1199 esse,
1379 1128 1490 1187 nisi
1529 1148 1665 1188 cum
1703 1129 1931 1207 majora
1964 1126 2241 1207 periculis
2276 1128 2593 1187 commoda
2632 1150 2771 1209 pro-

879 1234 1248 1307 ponerentur.
1329 1223 1499 1285 Nam
1539 1224 1619 1283 ob
1660 1223 1983 1284 mediocria
2020 1232 2347 1303 pugnantes
2384 1244 2563 1283 aureo
2596 1226 2770 1286 hamo

560 1437 772 1503 Appius.
881 1341 1236 1475 pulcglbsed
1277 1415 1506 1475 interim
1549 1414 1949 1475 Demochares
1996 1414 2336 1475 Messanam
2381 1420 2669 1485 reversus,
2708 1415 2767 1472 in

559 1534 677 1583 Dio.
879 1509 1074 1569 locum
1089 1510 1462 1569 'Menecratis
1485 1508 1895 1590 praefecturam
1934 1508 2141 1569 classis
2174 1509 2426 1589 accepit,
2450 1508 2772 1587 collegam-

557 1596 771 1663 APPffl'·
878 1625 994 1684 que
1043 1604 1546 1685 Apollophanem,
1596 1606 1699 1684 qui
1750 1604 1950 1664 itidem
2000 1604 2281 1685 Pompeii
2335 1604 2579 1663 libertus
2622 1612 2768 1662 erat.

882 1700 968 1760 Et
991 1700 1222 1771 Caesar,
1249 1700 1468 1759 auditis
1489 1720 1625 1780 quae
1650 1700 1728 1759 ad
1757 1700 1981 1759 Cumas
2022 1710 2189 1759 erant
2217 1709 2373 1770 acta,
2416 1719 2520 1780 per
2552 1698 2769 1757 fretum

881 1785 1220 1875 navigabat,
1265 1804 1334 1855 ut
1377 1795 1708 1856 Calvisium
1746 1797 2149 1874 conjungeret.
2232 1794 2488 1875 Jamque
2506 1842 2511 1847 .
2530 1794 2775 1874 Stylido,

880 1898 1294 1972 praetervectus
1333 1890 1657 1971 Scyllaeum
1697 1890 1999 1965 flectebat,
2048 1890 2508 1970 promontorium
2550 1890 2769 1961 Italioe,

773 2052 780 2061 ,
879 2008 1016 2047 cum
1056 2008 1095 2047 a
1130 1988 1412 2046 Messana
1435 1987 1766 2067 Pompeius
1788 2006 2121 2057 excurrens,
2146 1985 2543 2065 aggrediendo
2570 1986 2771 2065 proxi-

881 2102 1008 2142 mas
1051 2102 1252 2152 naves,
1295 2080 1655 2159 insequendo
1701 2076 2109 2160 μαψ-εοεαε)
2144 2082 2473 2141 universam
2520 2078 2769 2140 classem

879 2178 1139 2239 attinuit.
1224 2174 1446 2256 Neque
1497 2186 1696 2235 tamen
1742 2176 1819 2234 ad
1862 2177 2197 2255 praetoriam
2246 2186 2459 2236 ceteroe
2496 2196 2558 2235 se
2606 2195 2767 2235 rece-

881 2280 1111 2354 perunt,
1149 2292 1266 2333 non
1309 2273 1537 2331 sinente
1565 2272 1825 2341 Caesare,
1866 2272 1990 2331 sive
2030 2282 2267 2353 propter
2305 2273 2637 2351 angustiam
2677 2272 2769 2331 lo‘-

879 2388 1102 2439 corum,
1149 2369 1272 2428 sive
1313 2368 1635 2432 secundum
1679 2368 1843 2447 prius
1882 2367 2183 2427 decretum
2224 2368 2445 2427 vitante
2488 2378 2769 2448 pugnam.

881 2460 976 2521 At
1003 2462 1408 2523 Demochares
1431 2482 1566 2521 cum
1592 2460 2019 2543 Apollophane
2044 2464 2199 2522 binis
2234 2464 2482 2523 navibus
2514 2464 2773 2541 aggressi

877 2555 1156 2633 singulas,
1174 2563 1370 2614 tamen
1387 2553 1546 2613 haud
1565 2554 1812 2613 multum
1829 2556 2241 2636 proficiebant;
2266 2560 2773 2638 propugnantibus

877 2672 911 2710 e
935 2662 1146 2712 contra
1179 2650 1532 2730 legionariis,
1565 2657 1629 2709 et
1670 2651 2073 2729 magnitudine
2114 2661 2513 2737 rostratarum,
2556 2672 2691 2731 quae
2732 2672 2771 2713 a

879 2747 1201 2805 minoribus
1226 2747 1332 2805 vix
1357 2754 1484 2803 tuto
1509 2745 1961 2824 impetebantur.

961 2848 1058 2900 16.
1104 2838 1226 2901 Sed
1264 2841 1368 2900 ubi
1395 2838 1777 2921 Pompeiani,
1814 2845 2067 2923 receptis
2086 2841 2273 2917 'fessis
2312 2852 2491 2923 atque
2528 2844 2765 2917 sauciiS,

878 2936 1128 2995 subinde
1177 2937 1237 2995 in
1283 2956 1538 3016 pugnam
1592 2937 1953 2997 reducebant
1998 2932 2275 3017 integi-cs,
2326 2960 2517 3019 neque
2568 2941 2769 3001 rostris

559 3051 676 3101 mo,
878 3040 1132 3102 tantum,
1159 3032 1263 3092 sed
1289 3033 1467 3092 etiam
1482 3033 1705 3112 jaculis
1728 3034 1927 3112 ignitis
1948 3036 2303 3104 saeviebant3
2349 3036 2541 3113 urgeri
2565 3036 2767 3097 (Σωσι-

553 3114 769 3180 ΑΡΡῆΒ·
878 3126 1048 3199 riani,
1103 3128 1390 3209 pulsaque
1433 3128 1520 3188 ad
1567 3127 1729 3187 littus
1772 3131 2032 3209 navigia,
2079 3132 2341 3192 hostibus
2393 3128 2769 3207 instantibus,

879 3222 1029 3282 inter
1051 3243 1136 3295 se,
1173 3232 1282 3285 aut
1305 3223 1383 3282 ad
1409 3243 1558 3283 saxa
1581 3222 1813 3296 collidi,
1857 3226 2267 3306 geminumque
2293 3224 2469 3306 plane
2496 3226 2769 3291 Cumano

876 3321 1174 3398 negotium
1199 3339 1345 3379 esse.
1407 3318 1508 3378 Ibi
1529 3318 1757 3393 Caesar,
1784 3324 2160 3382 exscensione
2180 3322 2360 3393 facta,
2390 3325 2771 3385 succurrebat

876 3413 1368 3493 periclitantibus,
1409 3413 1697 3475 adnantes
1730 3420 2075 3498 suscipiens,
2114 3418 2529 3499 deducensque
2553 3420 2615 3477 in
2638 3419 2767 3478 edi·

877 3508 1047 3569 tiora.
1131 3507 1253 3569 Sed
1275 3508 1627 3570 Cornificius
1650 3514 1949 3592 ceterique
1970 3514 2152 3578 duces
2175 3515 2469 3575 cohortati
2491 3515 2767 3588 invicem,

555 3628 674 3679 mo,
875 3604 1096 3682 injussu
1123 3606 1487 3686 imperatoris
1514 3608 1777 3688 abruptis
1812 3610 2245 3681 anchoralibus,
2280 3612 2343 3670 in
2370 3608 2553 3669 altum
2574 3610 2767 3671 evecti

553 3690 765 3758 Appi-n.
874 3708 1030 3771 sunt,
1081 3708 1147 3760 ut
1182 3702 1376 3780 potius
1419 3704 1548 3761 ausi
1590 3704 1815 3782 aliquid
1862 3706 2137 3785 perirent,
2184 3725 2362 3785 quam
2406 3706 2671 3765 hostibus
2704 3726 2765 3765 se

873 3794 1226 3857 obterendos
1249 3797 1459 3858 darent
1485 3798 1839 3859 immobiles.
1926 3799 2067 3860 Nec
2104 3800 2261 3860 male
2286 3802 2461 3860 cessit
2486 3802 2763 3872 audacia,

936 4006 961 4084 ¹‚'
996 4008 1300 4085 ‚Imqfflffl
1338 4010 1654 4087 prienenses]
1706 4009 1793 4059 Sic
1845 4008 1982 4058 vium
2052 4010 2339 4086 defigunt,-
2384 4010 2764 4075 exploratorias

873 4070 1145 4136 edndimus,
1183 4088 1301 4123 cum
1346 4088 1489 4137 prius
1529 4076 1793 4135 legeretur
1842 4088 2043 4137 nempe,
2089 4089 2206 4137 quae
2250 4076 2499 4139 reliquam
2541 4076 2761 4125 classem

867 4138 1792 4267 twmpztuazzzassrztt
1844 4146 2188 4203 ‘mm‘-
2226 4140 2367 4188 “m-
