3159 4959
1128 451 1525 505 manorum
1578 453 1793 503 mvn.
2335 434 2522 501 595¹„

308 597 615 665 Fulvius
644 598 903 676 consul,
929 596 1171 681 quibus
1195 596 1563 680 jubebatur
1607 613 1899 679 parcere,
1932 600 2294 679 antequam
2329 596 2523 677 lege·.

306 712 447 778 ret,
478 702 547 765 in
578 702 723 767 sinu
753 700 997 783 posuit,
1028 706 1099 765 et
1127 699 1273 780 lege
1304 698 1412 779 agi
1434 698 1662 781 jussit,
1693 704 1761 762 et
1789 697 2202 781 supplicium
2229 700 2520 779 peregit.·

311 800 492 867 Cum
524 802 591 865 in
631 802 921 865 comitiis
956 799 1144 883 apud
1186 798 1517 882 populum
1553 804 1989 881 quaereretur,
2029 798 2142 862 cui
2171 798 2514 865 mandare-

312 909 435 967 tur
475 900 961 985 Hispaniarum
992 902 1341 983 imperium
1374 918 1393 977 3
1438 899 1620 962 nullo
1649 900 1717 963 id
1751 898 2014 963 volente
2036 899 2398 982 suscipere,
2436 900 2514 965 P.

312 1003 583 1086 Scipio,
617 1001 699 1067 P.
726 1002 929 1078 filius,
954 1002 1163 1085 quiin
1186 1000 1529 1080 Hispania
1554 1000 1914 1075 ceciderat,
1934 1000 2274 1082 professus
2303 1008 2409 1063 est
2437 1020 2516 1065 se

315 1104 617 1183 iturum3
661 1109 749 1181 et,
786 1102 1105 1183 suffragio
1138 1099 1379 1183 populi
1422 1118 1890 1183 consensuque
1919 1100 2214 1165 omnium
2243 1101 2516 1177 missus,

316 1203 597 1268 Novam
630 1200 1097 1284 Carthaginem
1128 1220 1263 1264 uno
1286 1200 1395 1263 die
1424 1203 1864 1283 expugnavit,
1893 1218 2048 1265 cum
2081 1208 2305 1282 ageret
2335 1201 2518 1282 vige-

319 1304 567 1369 simum
601 1310 905 1385 quartum
920 1322 1203 1378 annum,
1236 1302 1702 1383 videreturque
1730 1300 1958 1366 divina
1985 1300 2190 1382 stirpe
2213 1309 2518 1380 creatus;

320 1405 641 1487 quoniam
672 1408 743 1467 et
770 1405 943 1486 ipse,
974 1408 1336 1486 postquam
1362 1408 1419 1439 ²⁰
1460 1410 1680 1482 togam
1707 1410 2086 1487 acceperat,
2115 1402 2418 1485 quotidie
2446 1405 2520 1466 in·

324 1502 670 1587 Capitolio
715 1512 878 1582 erat,
908 1512 981 1569 et
1022 1504 1089 1568 in
1132 1504 1451 1569 cubiculo
1482 1505 1714 1568 matris
1740 1504 1887 1587 ejus
1929 1504 2166 1584 anguis
2205 1522 2518 1587 saepenu-

324 1623 511 1669 mero
554 1604 921 1670 videbatur.
1009 1604 1149 1669 Res
1190 1610 1515 1687 praeterea
1558 1606 1626 1669 in
1673 1604 1908 1669 Sicilia
1939 1595 2170 1686 gestas
2204 1604 2515 1683 continet,

324 1710 397 1769 et
442 1706 799 1771 amicitiam
852 1724 1001 1770 cum
1034 1704 1282 1769 AEtolis
1307 1703 1640 1787 junctam,
1677 1705 2056 1785 bellumque
2097 1709 2356 1786 gestum
2398 1704 2518 1771 ad-

329 1824 561 1871 versus
582 1814 603 1845 ¹
649 1805 1041 1871 Acarnanas
1070 1811 1140 1870 et
1168 1804 1565 1887 Philippum
1602 1788 2025 1869 Macedoniae
2051 1824 2288 1887 regem.

326 2067 433 2127 leg.
466 2066 756 2180 mumdum
779 2065 949 2118 Scio!
984 2066 1332 2131 {lupun—20
1369 2064 1680 2128 Posteaquam
1703 2066 1868 2117 Gr’ou.
1893 2064 2111 2127 Doujat.
2133 2065 2380 2115 Creve--l
2415 2062 2522 2113 Aa·

332 2144 519 2181 veram
539 2144 615 2181 ee
658 2163 675 2183 .

1140 2392 1323 2457 LI‘B.
1388 2389 1728 2456 XXVII.

428 2575 553 2640 Cn.
602 2574 885 2641 Fulvius
934 2576 1288 2659 proconsul
1341 2595 1497 2639 cum
1544 2574 1840 2639 exercitu
1887 2574 1974 2640 ab
2019 2572 2402 2639 Hannibale
2445 2572 2531 2663 ad

344 2675 775 2744 Herdoneam
798 2682 823 2711 ²
870 2694 1095 2741 caesus
1140 2684 1263 2741 est.
1350 2676 1642 2741 Meliore
1680 2682 1916 2743 eventu
1949 2695 1994 2739 a
2021 2675 2308 2740 Claudio
2344 2675 2536 2759 Mars

343 2776 521 2843 cello
550 2777 829 2841 consule
860 2776 1185 2841 adversus
1214 2776 1495 2841 eundem
1529 2778 1615 2841 ad
1641 2776 2133 2841 Numistronem
2161 2782 2538 2859 pugnatum-

344 2886 469 2943 est.
557 2877 726 2942 Inde
771 2878 1121 2943 Hannibal
1162 2886 1371 2943 noctu
1410 2880 1708 2943 recessit.
1799 2878 2160 2943 Marcellus
2192 2878 2534 2943 insecutus·

346 2984 473 3053 est,
500 2984 569 3041 et
598 2976 883 3039 subinde
906 2976 1243 3041 cedentem
1272 2980 1541 3059 pressit,
1567 2979 1780 3041 donoc
1813 2979 2234 3059 confligeret.3
2299 2978 2535 3041 Priore

348 3094 573 3159 pugna
602 3074 939 3139 Hannibal
985 3076 1295 3157 superior
1338 3076 1479 3149 fuit,
1514 3076 1885 3146 Marcellus
1911 3077 2310 3160 insequenti.
2399 3076 2536 3142 Fa·

349 3176 505 3243 bius
554 3174 901 3241 Maximus
953 3184 1148 3259 pater
1199 3178 1435 3241 consul
1482 3176 1879 3242 Tarentinos
1923 3198 2045 3260 per
2087 3179 2538 3261 proditionem·

350 3278 657 3359 recepta*
742 3275 825 3340 ln
872 3276 1211 3360 Hispania
1252 3276 1339 3341 ad
1382 3278 1726 3342 Baeculam
1763 3277 1994 3360 Scipio
2040 3298 2192 3345 cum
2224 3278 2538 3343 Hasdru-

352 3379 507 3446 bale
540 3376 951 3443 Hamilcaris
983 3378 1315 3456 eonflixit,
1340 3384 1409 3443 et
1440 3378 1628 3443 vicit.
1715 3377 1900 3443 Inter
1927 3378 2062 3443 alia
2084 3387 2353 3461 captum
2375 3398 2534 3461 pue·

355 3497 501 3544 rum
528 3478 815 3560 regalem
839 3479 1105 3543 eximiae
1128 3478 1358 3543 formae
1394 3478 1477 3541 ad
1502 3478 1906 3542 avunculum
1928 3478 2360 3542 Masinissam
2382 3492 2537 3543 cum·

358 3578 553 3646 donis
582 3580 863 3643 dimisit.
952 3578 1270 3644 Claudius
1300 3578 1691 3655 Marcellus,
1719 3578 1802 3643 Τ.
1832 3577 2153 3656 Quintius
2183 3578 2536 3662 Crispinus

359 3680 689 3756 consules,
716 3680 1107 3763 speculandi
1143 3700 1349 3745 causa
1376 3680 1706 3764 progressi
1733 3687 1756 3727 5
1799 3700 1838 3745 e
1867 3682 2131 3757 castris,
2161 3680 2422 3743 insidiis
2449 3682 2538 3745 ab

360 3778 743 3843 Hannibale
768 3782 1197 3844 circumventi
1220 3785 1392 3844 sunt.
1443 3778 1808 3843 Marcellus
1829 3780 2095 3844 occisus
2115 3778 2260 3857 suit,
2284 3779 2540 3865 Crispi·

360 3900 485 3945 nus
505 3880 693 3963 fugit.
741 3880 881 3945 Res
898 3889 1223 3963 praeterea
1248 3900 1293 3944 a
1310 3880 1390 3943 P.
1412 3879 1718 3963 Sulpicio
1741 3886 2024 3961 praetore
2049 3878 2366 3944 adversus
2379 3880 2540 3945 Phi-

360 3984 623 4065 lippum
654 3987 724 4046 et
748 3980 1041 4047 Achaeos
1070 3988 1301 4063 gestas
1330 3981 1642 4043 continet.
1732 3978 2046 4044 Lustrum
2083 3998 2124 4045 a
2157 3983 2540 4047 censoribus

1271 4126 1634 4150 000000000000

428 4234 459 4278 2
490 4224 561 4277 Τὰ
600 4226 665 4275 ud
700 4216 1000 4275 Herdoneam
1021 4224 1283 4276 denuntia
1315 4225 1435 4275 edd.
1458 4234 1577 4275 ante
1599 4225 1872 4289 Sigon-³
1907 4221 2160 4289 Effugeret
2179 4224 2298 4275 edd.
2323 4236 2444 4279 aute
2465 4188 2544 4280 Si.

370 4292 587 4359 gom—4
624 4291 779 4353 Pater
796 4290 1001 4343 muli·
1020 4290 1304 4342 Tarentinos
1324 4306 1414 4371 per
1432 4290 1719 4371 deditionem
1738 4292 1912 4361 accepit
1933 4290 2205 4354 tegebatur
2228 4300 2347 4359 aute
2369 4294 2550 4361 Sigon,
