3159 4959
579 391 754 459 5604
1288 448 1297 455 .
1547 407 1615 455 ἰ.
1662 404 1849 455 mvn

907 552 1150 611 libertus
1177 538 1455 609 Helenus
1487 558 1735 628 patrono
1766 553 2233 627 recuperaverat,
2272 565 2313 605 a
2340 544 2433 605 M.
2462 544 2644 605 Lurio
2671 546 2805 626 pul·

903 667 1022 715 sus,
1049 646 1330 705 victorem
1368 646 1661 704 incautius
1690 653 2030 722 sequentem
2070 642 2267 701 subito
2310 642 2537 701 incursu
2579 643 2705 719 egit
2746 643 2807 701 in

906 740 1128 819 fugam.
1212 741 1422 820 Atque
1463 740 1570 799 illo
1604 740 1969 818 relinquente
2002 757 2143 797 mox
2174 736 2449 806 insulam,
2473 746 2675 796 cetera
2698 738 2806 797 de·

905 837 1152 907 ditione,
1179 836 1284 895 sed
1324 834 1611 907 Audin}
1649 854 1769 915 quo
1802 834 2141 915 perplurimi
2180 852 2258 893 ex
2300 852 2500 913 pugna
2532 832 2806 911 perfuge-

905 941 1060 1003 rant,
1082 933 1358 1013 operibus
1381 934 1558 1013 cepit.
1604 930 1770 991 Inter
1793 930 2057 1010 captivos
2080 938 2144 988 et
2170 928 2445 989 Helenus
2464 927 2599 998 fuit,
2624 947 2807 1007 quem

905 1048 1044 1088 cum
1095 1038 1342 1108 patrono
1389 1030 1570 1089 sciret
1618 1027 1839 1107 oppido
1886 1044 2113 1095 carum,
2170 1025 2295 1083 sine
2346 1025 2537 1104 pretio
2580 1024 2808 1084 dimisit

909 1124 1146 1197 Menas,
1164 1126 1296 1203 jam
1331 1133 1458 1185 tum
1491 1125 1605 1183 sibi
1640 1123 1889 1202 gratiam
1924 1119 2083 1201 apud
2113 1120 2409 1181 emerem
2435 1130 2803 1199 praestruens,

589 1244 720 1293 12ss-
725 1242 884 1307 (χρὴ,
907 1221 958 1279 si
984 1220 1135 1281 forte
1159 1223 1292 1300 ejus
1325 1220 1741 1281 benevolentia
1774 1238 1927 1298 opus
1950 1217 2270 1297 aliquando
2294 1218 2611 1276 habuioeet.
2696 1216 2803 1277 ln—

589 1309 708 1421 9810·
719 1378 770 1420 to
907 1317 1080 1375 terim
1119 1318 1182 1375 iu
1215 1316 1444 1375 Urbem
1469 1316 1649 1375 ambo
1682 1315 2082 1423 imperatores,
2116 1332 2332 1391 magna
2370 1312 2577 1371 laetitia
2614 1311 2804 1373 dedu-

593 1387 720 1503 Affige.
739 1388 820 1486 2¹2¹
906 1412 1188 1482 centium,
1227 1420 1473 1471 ovantes
1507 1410 1751 1489 ingressi
1780 1417 1941 1479 sunt,
1974 1407 2087 1467 hoc
2126 1407 2419 1469 decreto
2402 1409 2542 1487 ipsis
2580 1409 2661 1468 ob
2695 1429 2803 1489 pa·

908 1526 1038 1566 cem
1069 1506 1290 1568 factam
1325 1507 1562 1567 bonore.

622 1623 756 1673 Plut.
991 1609 1091 1665 27.
1135 1603 1312 1673 Mox,
1363 1604 1587 1683 nuptiis
1632 1602 1885 1662 Antonii
1931 1612 1993 1661 et
2036 1600 2307 1661 Octaviae
2354 1598 2688 1671 celebratis,
2741 1604 2801 1661 in

577 1688 796 1752 Affa-
907 1699 1128 1759 amicos
1145 1698 1476 1759 effuderunt
1502 1700 1947 1779 iram,quorum
1980 1718 2210 1777 semper
2232 1698 2343 1757 sub
2368 1698 2801 1757 reconciliatio—

586 1814 798 1879 Appium.
909 1814 1040 1857 uem
1069 1796 1400 1875 principum
1437 1796 1765 1877 periculosa
1788 1794 2049 1856 conditio
2090 1804 2199 1853 est.
2284 1794 2489 1853 Caesar
2528 1792 2803 1853 Manium

907 1889 1180 1951 Antonio
1203 1892 1661 1951 criminabatur:
1703 1892 1800 1951 hic
1820 1899 2027 1950 contra
2042 1889 2353 1949 deferebat
2374 1888 2799 1949 Salvidienum.

907 1985 1098 2065 Igitur
1123 1987 1398 2047 Manium
1421 1986 1729 2047 Antonius
1752 1986 2009 2056 susmlit,
2030 1996 2097 2047 ut
2120 1985 2265 2046 belli
2287 1986 2561 2047 Perusini
2584 1986 2799 2046 facem.

615 2090 732 2139 Dio.
776 2092 880 2156 Ap·
905 2082 1110 2143 Caesar
1133 2082 1542 2144 Salvidienum
1563 2084 1839 2145 evocavit
1864 2082 2147 2155 Romam,
2168 2083 2335 2163 quasi
2362 2102 2504 2141 mox
2531 2082 2801 2141 remissu—

581 2170 713 2269 Ρέω·
713 2228 813 2269 ton
902 2198 1020 2239 rus.
1107 2178 1233 2239 Ubi
1275 2178 1469 2250 affuit,
1509 2179 1859 2260 proditionis
1896 2180 1957 2237 in
1996 2187 2205 2238 senatu
2248 2186 2578 2247 accusatus,
2604 2177 2799 2238 indice

581 2283 818 2398 Λιιῆζυτ
731 2288 856 2397 ωδ
903 2276 1198 2345 Antonio,
1241 2275 1320 2335 ad
1363 2296 1540 2355 quem
1581 2276 1810 2354 legatos
1854 2274 2237 2335 Brundisium
2276 2274 2549 2344 miseratg
2594 2274 2803 2334 ubise

582 2346 660 2459 v?
643 2364 768 2460 ,ἐ
761 2354 847 2474 ρξε’
823 2352 1170 2431 0·(1ιιιιιιιιι,ι“ἱ
1209 2371 1383 2443 vidit,
1422 2370 1755 2432 voluntaria
1792 2380 1979 2431 morte
2024 2370 2217 2451 periit.
2300 2368 2645 2431 Exercitum
2670 2372 2805 2448 ejus

579 2429 793 2539 Appium.
902 2464 1130 2535 Caesur,
1157 2476 1224 2525 ut
1247 2474 1607 2545 suspectum,
1634 2477 1697 2527 et
1730 2466 2021 2546 supplicio
2056 2464 2225 2525 ducis
2260 2464 2569 2539 offensum,
2598 2463 2799 2525 Anto-

900 2561 1002 2619 nio
1049 2558 1312 2621 tradidit.
1394 2558 1617 2640 Neque
1662 2569 1881 2620 temere
1927 2560 2279 2621 dimittenda
2328 2570 2421 2621 est
2468 2559 2800 2620 Salvidieni

903 2656 1076 2732 hujus
1101 2656 1339 2727 mentio,
1367 2655 1428 2715 in
1453 2675 1573 2735 quo
1596 2656 1861 2735 conspici
1894 2676 2172 2734 mag-num
2211 2656 2511 2736 utriusque
2548 2656 2800 2717 fortunae

897 2750 1312 2815 documentum
1355 2760 1570 2831 potest.
1657 2752 2146 2813 obscurissimum
2187 2754 2409 2813 homini
2446 2774 2631 2832 genus
2652 2772 2797 2813 con-

581 2861 656 2911 ve
659 2861 708 2909 n.
741 2862 875 2913 Suet.
899 2847 1152 2925 tigerat:
1193 2847 1300 2909 sed
1325 2849 1589 2911 emicans
1612 2868 1689 2907 ex
1716 2849 1885 2930 pueri
1908 2850 2107 2928 capite
2142 2847 2403 2919 flemma,
2442 2848 2585 2910 dum
2604 2848 2797 2927 gregi-

579 2926 648 2974 Ῑ)“
649 2940 695 2975 0·
899 2943 1010 3001 bus
1035 2942 1342 3022 pascendis
1375 2954 1721 3023 occupetur,
1761 2944 1971 3023 injecit
2003 2963 2167 3025 spem
2204 2943 2677 3023 desideriumque
2700 2944 2795 3005 fu-

899 3046 1046 3099 turoe
1071 3038 1456 3102 claritudinis.
1543 3039 1697 3099 Inde
1724 3040 2075 3101 militaribus
2114 3039 2475 3101 facinoribus
2496 3050 2673 3101 notus
2691 3062 2795 3103 cu-

898 3154 1110 3215 rusque
1137 3134 1384 3206 Caesari,
1411 3156 1484 3195 eo
1507 3136 1815 3215 dig-nitatis
1838 3136 2124 3206 escendit,
2152 3146 2238 3207 ut,
2258 3156 2601 3216 quanquam
2624 3156 2795 3198 sena·

897 3241 992 3292 tor
1017 3232 1274 3292 nondum
1298 3232 1525 3304 fuisset,
1560 3232 1765 3293 consul
1794 3232 2227 3311 designaretur:
2273 3242 2409 3313 post
2434 3233 2795 3315 Pompeium

894 3336 962 3387 et
985 3328 1174 3405 ipsum
1199 3329 1496 3389 Gaesarem
1521 3329 1747 3399 tertius,
1770 3332 1873 3407 qui
1898 3329 1975 3388 ed
1991 3349 2279 3389 summum
2293 3330 2531 3389 honoris
2546 3329 2795 3408 gradum

897 3443 975 3483 ex
1001 3425 1254 3503 equestri
1291 3424 1492 3483 ordine
1537 3425 2014 3485 transcendisset.
2096 3426 2259 3493 Quin
2308 3436 2370 3485 et
2404 3428 2465 3485 in
2509 3426 2793 3487 honorem

895 3519 1046 3596 ejus,
1075 3518 1254 3577 frater
1279 3518 1382 3598 qui
1406 3518 1587 3599 paulo
1610 3530 1751 3579 ante
1770 3521 1897 3581 vita
1914 3530 2299 3591 concesserat,
2326 3540 2505 3601 supra
2526 3520 2793 3584 Tiben'm

895 3622 1200 3673 exstructo
1223 3623 1402 3692 ponte
1426 3614 1623 3673 elatus
1647 3624 1755 3675 est.
1839 3615 1935 3675 At
1965 3617 2095 3676 haec
2120 3615 2379 3676 felicitas
2400 3626 2638 3697 repente
2664 3617 2791 3677 col-

896 3706 1068 3789 lapsa
1128 3708 1522 3787 improvisum·
1559 3718 1624 3769 et
1670 3718 1901 3790 turpem
1952 3712 2177 3771 exitum
2226 3711 2453 3772 habuit.
2536 3711 2792 3773 Senatus

899 3804 1126 3864 hostem
1151 3804 1450 3884 publicum
1479 3804 1922 3885 appellandum,
1942 3806 2535 3887 supplicationesque,
2554 3818 2792 3889 propter

895 3920 1178 3981 oppressa
1223 3902 1354 3979 ejus
1403 3898 1633 3961 nefaria
1688 3901 1958 3972 consilia,
2008 3902 2295 3974 decrevit,
2358 3904 2787 3984 triumvirisquc

893 3996 1222 4057 custodiam
1250 3994 1438 4055 Urbis
1463 3996 1767 4057 mandavit
1789 4016 1923 4058 cum
1949 3998 2173 4057 solenni
2196 3999 2477 4071 carmine,
2506 4010 2524 4035 ⁶
2544 4020 2617 4061 ne
2642 3998 2789 4081 quid

957 4173 996 4243 ¹¹·
1015 4176 1221 4237 Arcadis]
1258 4176 1372 4225 Hoc
1401 4192 1588 4227 nomen
1612 4177 1664 4227 in
1686 4178 1803 4229 Sar·
1872 4180 2114 4229 Caralim?
2146 4179 2327 4229 urbem
2353 4180 2487 4229 illius
2510 4180 2689 4231 insulae
2712 4178 2787 4231 fe·

892 4238 1032 4289 dinis
1049 4240 1361 4303 incognitum
1375 4242 1520 4291 nobis
1535 4249 1636 4293 est.
1668 4243 1804 4293 Num
1866 4245 1967 4294 cile
1993 4244 2300 4311 principem.
2334 4245 2472 4294 Creo.
