3159 4959
594 3384 813 3435 Mau-ob.

561 3451 664 3499 Sat·
682 3466 746 3501 rr.
758 3453 807 3499 4.

1528 450 1602 499 Τ.
1647 448 1834 499 lell

896 592 1157 655 exercitu
1194 589 1513 651 adventare
1550 591 1889 659 Caesarem:
1933 587 2012 649 ad
2045 606 2152 648 sna
2175 589 2441 668 regu-esd,
2467 588 2656 649 missis
2677 586 2790 649 ob-

894 689 1141 756 sidibus,
1154 688 1413 765 quietem
1438 685 1894 765 spoponderunt.
1979 683 2120 743 Nec
2141 692 2338 745 tamen
2361 684 2516 745 adeo
2537 694 2646 745 aut
2661 704 2794 745 cie-

893 782 1023 843 dita
1046 784 1198 852 baec,
1220 792 1325 841 aut
1348 782 1614 862 praestita
1633 800 1758 861 pax
1785 780 1924 851 fuit,
1945 781 2088 861 quin
2115 780 2298 860 aliqui
2323 780 2572 841 subinde
2595 788 2792 841 motus

893 880 1246 938 existerent:
1290 896 1537 956 quorum
1574 896 1760 936 causa
1799 886 1860 936 et
1899 877 2055 935 hunc
2091 896 2309 935 annum
2349 878 2410 935 in
2451 876 2685 946 Gallia,
2721 884 2790 935 et

892 982 1235 1053 sequentem
1272 971 1569 1041 contrivit,
1599 989 1720 1050 quo
1756 970 2026 1031 consules
2067 971 2158 1029 Μ.
2190 972 2398 1030 Livius
2421 970 2492 1030 L.
2521 970 2594 1033 F.
2616 969 2784 1029 Dru-

894 1088 991 1127 sus
1016 1069 1191 1138 Libo,
1220 1068 1291 1126 L.
1318 1066 1678 1146 Calpurnius
1704 1066 1774 1125 L.
1804 1066 1876 1126 F.
1903 1067 2054 1127 Piso
2079 1066 2367 1126 fuerunt?

908 1206 917 1213 -
973 1170 1073 1224 52.
1116 1164 1241 1223 Sed
1272 1172 1335 1223 et
1368 1165 1497 1243 ipsa
1523 1162 1736 1222 Gallia
1763 1181 1878 1221 non
1921 1162 2066 1221 satis
2107 1163 2314 1241 quieta
2349 1168 2499 1230 erat,
2543 1170 2781 1242 propter

890 1258 1141 1319 hominis
1164 1259 1423 1318 libertini
1446 1268 1676 1317 tantam
1701 1257 2156 1337 improbitatem,
2195 1264 2262 1315 ut
2293 1254 2626 1334 significata
2650 1276 2786 1337 pro-²

892 1354 1055 1432 digio
1076 1356 1157 1413 sit
1177 1354 1423 1423 credita,
1460 1374 1598 1413 cum
1635 1354 1896 1412 maxima
1931 1353 2136 1412 bellua
2171 1352 2380 1430 viginti
2407 1350 2624 1432 pedum
2647 1351 2786 1412 lati-

892 1448 1117 1519 tudine,
1153 1449 1333 1526 longa
1356 1449 1689 1526 sexaginta,
1731 1458 1792 1507 et
1831 1457 2042 1527 praeter
2073 1456 2258 1526 caput
2291 1445 2522 1507 mulieri
2551 1447 2784 1518 similis,

891 1562 971 1603 ex
1011 1564 1234 1603 oceano
1272 1546 1515 1614 irruens,
1555 1544 1616 1601 in
1656 1541 1812 1603 vado
1835 1543 2113 1603 haesisset.
2196 1542 2268 1601 L.
2297 1542 2556 1601 Licinius
2591 1544 2643 1601 is
2671 1541 2788 1602 fuit

791 1675 806 1691 ·
893 1636 1111 1698 Gallus
1134 1639 1390 1708 natione,
1424 1640 1529 1717 qui
1552 1646 1764 1717 eaptus
1791 1638 1862 1695 iis
1895 1637 2072 1704 bellis
2109 1636 2390 1697 dictatori
2415 1636 2638 1697 Caesari
2659 1656 2784 1695 ser-

891 1734 1100 1793 vierat.
1184 1732 1308 1792 Sed
1334 1734 1505 1792 .hunc
1556 1734 1616 1791 in
1657 1733 1875 1792 honore
1919 1741 1982 1791 et
2019 1753 2128 1791 usu
2171 1732 2432 1792 maximo
2475 1732 2786 1809 Augustus

890 1828 1109 1889 habere
1137 1828 1367 1900 solitus,
1407 1838 1842 1908 procuratorem
1867 1848 2034 1888 suum
2059 1830 2118 1887 in
2149 1826 2355 1887 Gallia
2379 1828 2784 1905 constituerat.

896 1924 964 1985 Is
1005 1927 1179 2004 igitur
1227 1924 1306 1986 ad
1352 1924 1708 2006 explendam
1752 1926 2072 2003 ingenitam
2118 1926 2430 1985 avaritiam
2473 1928 2785 2003 maiestate

896 2020 1161 2083 Romani
1188 2022 1437 2082 nominis
1474 2022 1715 2092 abusus,
1751 2022 1864 2081 hoc
1905 2022 2138 2099 agebat,
2171 2031 2241 2080 ut
2277 2028 2568 2099 quotquot
2587 2040 2650 2081 se
2673 2039 2782 2102 po·-

892 2118 1071 2178 tiores
1118 2119 1247 2198 ipso
1296 2117 1515 2177 ferrent
1555 2116 2035 2197 deprimerentur.
2129 2116 2270 2177 Nec
2315 2124 2626 2177 contentus
2673 2136 2782 2177 ex-

892 2215 1077 2292 egisse
1136 2213 1215 2272 ad
1270 2214 1672 2292 praescriptum
1727 2214 1840 2272 sibi
1897 2214 2158 2283 modum,
2215 2232 2488 2290 magnam
2546 2214 2784 2292 insuper

892 2310 1201 2389 pecuniam
1262 2310 1375 2368 sibi
1436 2310 1675 2388 suisque
1739 2309 2132 2387 extorquebat
2159 2328 2174 2367 ε
2236 2318 2360 2367 tam
2411 2308 2782 2386 impudenter

892 2404 1153 2483 quidem,
1203 2414 1291 2475 ut,
1348 2406 1630 2484 quoniam
1674 2405 1734 2463 in
1779 2404 2040 2483 singulos
2083 2424 2311 2463 menses
2351 2404 2554 2484 aliqua
2597 2404 2779 2464 debe·-

890 2500 1127 2571 bantur,
1178 2500 1626 2580 quatuordecim
1667 2502 1975 2580 pensiones
2018 2499 2226 2559 eodem
2277 2518 2432 2559 anno
2473 2500 2772 2578 exigerets

890 2598 1185 2656 veteribus
1226 2599 1513 2657 mensium
1552 2597 1886 2657 nominibus
1919 2595 2144 2655 Julium
2185 2602 2250 2656 et
2289 2594 2628 2673 Augustum
2669 2616 2778 2657 an·-

888 2709 1217 2753 numerans.

967 2793 1067 2845 63.
1111 2786 1270 2846 Sane
1310 2798 1622 2867 postquam
1665 2787 1870 2847 Ooesar
1903 2789 2164 2860 advenit,
2201 2796 2371 2848 tanta
2403 2789 2494 2848 vis
2537 2788 2600 2847 in
2637 2808 2774 2849 eum

884 2890 1091 2940 coorta
1138 2891 1547 2942 accusatorum
1598 2892 1708 2954 est,
1761 2891 1998 2963 tamque
2051 2886 2286 2957 acerba,
2331 2892 2400 2944 ut
2445 2885 2770 2964 patrocinio

886 2977 1081 3054 potius
1120 2976 1278 3056 apud
1324 2977 1666 3057 principem,
1715 2998 1894 3059 quam
1935 2979 2194 3061 periculo
2233 2988 2406 3039 esset.
2489 2978 2770 3059 Namque

884 3072 1095 3151 partim
1122 3070 1365 3131 moloete
1390 3072 1531 3131 tulit
1555 3072 1621 3131 id
1647 3074 1874 3145 Caesar,
1907 3076 1966 3132 in
2003 3073 2296 3133 nonnullis
2331 3075 2644 3135 excusavit
2669 3072 2770 3133 Li-

884 3166 1125 3236 cinium,
1161 3166 1435 3245 quaedam
1462 3168 1726 3245 ignorare
1751 3187 1838 3239 se,
1873 3167 1998 3227 alia
2023 3187 2140 3226 non
2171 3168 2408 3227 credere
2447 3168 2766 3229 simulans:

885 3263 1045 3340 quin.
1078 3270 1141 3320 et
1189 3260 1531 3322 occultabat
1578 3262 1738 3321 haud
1782 3282 1995 3342 panca,
2040 3262 2261 3342 pudore
2311 3264 2492 3323 etiam
2535 3264 2767 3335 ductus,

884 3356 1045 3436 quod
1072 3357 1181 3416 tali
1205 3367 1581 3436 procuratore
1607 3366 1886 3418 uteretur.
1968 3358 2090 3417 Sed
2112 3360 2366 3419 maxime
2391 3360 2622 3420 Licinio
2645 3360 2770 3421 cnl-

884 3450 1085 3511 liditas
1108 3471 1215 3511 sua
1251 3451 1489 3530 profuit,
1518 3454 1624 3532 qni
1665 3453 1815 3513 alias
1851 3472 2088 3531 quoque
2111 3454 2192 3513 ad
2217 3474 2502 3515 novorum
2523 3475 2766 3535 operum

883 3546 1175 3625 impensas
1196 3547 1460 3607 conferre
1503 3556 1752 3628 patrono
1785 3546 2034 3627 grandes
2073 3568 2329 3610 summas
2351 3551 2579 3621 solitus,
2615 3552 2768 3611 irato

882 3658 1199 3721 poenasque
1223 3642 1515 3701 minitanti
1539 3662 1814 3723 magnam
1852 3644 1974 3705 vim
2013 3643 2140 3705 anri
2177 3648 2543 3727 argentique,
2581 3655 2644 3707 et
2665 3666 2766 3707 ce-

880 3748 1136 3799 terarum
1178 3757 1367 3797 rerum
1408 3739 1672 3817 ingentes
1711 3760 1952 3800 acervos
1990 3740 2279 3809 ostendit:
2324 3752 2341 3778 ⁶
2371 3762 2446 3802 ea
2483 3762 2600 3802 non
2625 3742 2759 3814 sibi,

882 3852 991 3894 nec
1030 3834 1294 3893 avaritiae
1338 3852 1517 3892 causa
1556 3834 1865 3912 congesta’
1913 3834 2139 3906 dicens,
2183 3844 2200 3872 ‘
2231 3836 2334 3895 sed
2375 3839 2434 3896 in
2486 3839 2758 3907 Caesaris,

882 3928 1198 4009 populique
1226 3926 1489 3987 Romani
1518 3948 1690 3997 usus;
1735 3938 1797 3989 et
1831 3948 1906 3988 ne
1943 3928 2136 4001 Galli,
2178 3950 2318 4009 gens
2353 3932 2429 3991 ad
2465 3953 2555 3992 res
2577 3949 2761 3993 novas

880 4025 1136 4095 mobilis,
1172 4024 1262 4084 his
1308 4025 1591 4085 instructa
1633 4026 1820 4105 copiis
1852 4024 2085 4086 facilius
2121 4024 2200 4086 ad
2223 4028 2600 4089 rebellionem
2625 4048 2760 4109 pro-

879 4116 1215 4181 laberetur?
1298 4118 1399 4181 Sic
1449 4118 1858 4193 effectum,‘ut
1881 4120 2144 4181 Licinius
2187 4122 2247 4181 in
2289 4120 2500 4186 Gallia
2543 4123 2758 4185 multos

1462 4286 1494 4315 ⁸
1526 4284 1594 4336 A.
1617 4284 1686 4335 U·
1707 4284 1770 4337 C·
1793 4289 1909 4338 ⁷87.
1975 4286 2040 4337 A.
2059 4288 2120 4339 C·
2143 4290 2224 4339 16.
