3159 4959
636 428 811 495 ⁶908
1567 446 1636 490 τ.
1687 444 1878 493 mvn

638 590 1038 677 appellatur]
1082 586 1660 673 comportandum,
1707 592 1944 673 praeter
1989 604 2188 671 quam
2235 589 2470 653 urbem
2515 594 2856 672 opportu-

640 694 959 759 nissimus
990 712 1077 757 ex
1112 694 1487 759 Beronibus
1534 694 1852 757 transitus
1893 699 2064 770 erat,
2095 692 2160 757 iu
2191 710 2680 775 quamcumque
2705 712 2853 757 ϊο·

637 798 897 879 gionem
942 794 1183 861 ducere
1230 798 1596 861 exereitum
1649 795 2031 873 statuissem
2077 801 2148 859 et
2193 794 2272 859 C.
2322 792 2648 859 Instelum
2691 792 2850 870 [In—

634 895 875 975 ateium]
932 898 1327 983 praefectum
1380 897 1676 981 equitum
1737 896 2094 978 Segoviam
2154 904 2226 959 et
2283 896 2352 959 in
2407 893 2848 961 Vacreorum

640 999 1025 1076 [Veeaeorum
1074 1022 1123 1059 s.
1176 998 1600 1081 vaccaeorum]
1653 1008 1912 1081 gentem
1963 996 2048 1061 ad
2099 997 2394 1080 equitum
2441 996 2852 1081 conquisiti·

638 1122 830 1167 ouem
860 1104 1069 1181 misit,
1090 1103 1355 1187 jussum
1382 1121 1534 1167 cum
1560 1096 1905 1185 equitibus
1928 1099 2312 1164 Contrebiae
2335 1118 2486 1163 sese
2510 1100 2850 1181 opperiri.

636 1200 959 1269 Dimissis
979 1204 1063 1269 iis
1086 1204 1231 1288 ipse
1254 1202 1614 1288 profectae,
1631 1222 1748 1286 per
1769 1200 2147 1267 Umconum
2173 1198 2570 1278 [Vasconum]
2597 1220 2844 1282 agrum

632 1304 839 1371 ducto
884 1308 1206 1381 exercitu,
1237 1308 1305 1369 in
1350 1304 1642 1369 confinio
1674 1304 1996 1369 Vironum
2031 1301 2390 1379 [Beronum]
2423 1304 2646 1387 posuit
2675 1322 2846 1367 eas-

632 1411 751 1471 tra.
842 1406 1129 1471 Postero
1160 1406 1271 1471 die
1302 1426 1457 1472 cum
1489 1405 1828 1490 equitibus
1859 1424 2270 1491 praegressus
2299 1406 2385 1469 ad
2425 1406 2665 1469 itinera
2705 1424 2846 1469 ex-

633 1506 985 1589 ploranda,
1008 1509 1211 1593 jusso
1244 1508 1473 1592 pedite
1495 1508 1830 1592 quadrato
1861 1508 2120 1591 agmine
2145 1510 2366 1591 sequi,
2391 1509 2476 1572 ad
2507 1507 2840 1573 Vareiarn

636 1606 1113 1675 validissimam
1152 1610 1440 1691 regionis
1480 1610 1631 1695 ejus
1677 1612 1908 1674 urbem
1941 1610 2150 1673 venit.
2238 1609 2448 1673 Hand
2475 1612 2840 1693 inopinan-

634 1708 821 1773 tibus
868 1754 885 1771 .
936 1754 951 1773 .
997 1758 1015 1776 .
1062 1710 1442 1787 advenerat,
1473 1711 1774 1794 undique
1819 1718 1892 1773 et
1935 1729 2080 1775 suae
2119 1710 2334 1793 gentis
2361 1715 2428 1774 et
2462 1708 2698 1793 Amr-ig
2745 1756 2765 1771 .
2822 1757 2842 1772 .

714 1910 861 1973 Hoc
888 1921 979 1973 eet
1001 1912 1391 1992 fragmentum
1417 1912 1589 1983 illud,
1615 1911 1774 1992 quod
1801 1933 1840 1972 a
1863 1932 1928 1972 ee
1959 1913 2018 1971 in
2047 1910 2340 1972 Biblioth.
2373 1909 2576 1973 Vatic.
2603 1910 2836 1973 Rome

631 2028 687 2069 a.
714 2014 898 2073 1773.
928 2012 1228 2072 inventum
1268 2032 1394 2073 ense
1424 2020 1487 2073 et
1508 2010 1594 2071 P.
1623 2010 1756 2071 ἔω.
1787 2010 1982 2071 Bruns
2013 2021 2077 2071 et
2103 2010 2234 2070 Vit.
2267 2008 2424 2071 Mar.
2455 2010 2832 2073 Giovenuzzi

630 2106 969 2183 gloriantur.
1031 2108 1143 2169 Ab
1168 2109 1274 2171 illo
1300 2109 1524 2169 editum
1549 2118 1642 2169 est
1667 2106 1899 2169 Hamb.
1928 2112 2108 2170 1773.
2137 2107 2216 2167 ab
2243 2108 2358 2169 hoe
2376 2107 2488 2177 bis,
2519 2106 2735 2167 Romae
2765 2118 2838 2169 et

630 2200 836 2284 Neap.
867 2210 1042 2268 1773.
1070 2225 1205 2265 eum
1231 2204 1537 2284 permultis
1569 2204 1947 2283 verbosisque
1973 2203 2129 2263 noti·
2151 2222 2295 2263 cura
2325 2202 2536 2263 Franc.
2566 2202 2832 2263 canoel-

627 2298 791 2367 lieri;
834 2321 968 2379 quae
992 2300 1179 2361 editio
1202 2302 1455 2382 repetita
1475 2309 1566 2361 est
1591 2300 1755 2382 Lipe.
1785 2306 1963 2364 1775.
1989 2318 2123 2359 cum
2153 2299 2316 2381 praef.
2359 2300 2421 2360 J.
2451 2300 2537 2360 A.
2567 2300 2830 2363 Ernesti.

632 2393 1091 2457 Emendationes
1130 2396 1500 2459 Gioveuazzi
1545 2395 1812 2456 Abbatis
1853 2396 2065 2455 inserui
2109 2396 2338 2455 uncinis
2381 2396 2670 2457 inclusas:
2713 2398 2828 2458 sed

628 2491 779 2553 alius
803 2492 1027 2571 adjecit
1049 2492 1111 2553 J.
1137 2492 1305 2564 Jhre,
1338 2494 1441 2573 qui
1468 2492 1625 2553 idem
1652 2492 2044 2571 fragmentum
2081 2492 2234 2551 notis
2268 2492 2485 2551 criticis
2509 2491 2834 2555 illustravit

633 2584 885 2667 Upsulae
930 2593 1109 2651 1777.
1214 2588 1280 2647 Is
1330 2590 1431 2649 liu.
1476 2595 1537 2651 1.
1578 2598 1713 2669 poet
1761 2598 1778 2623 ⁶
1809 2588 2177 2668 insequente’
2229 2586 2522 2647 excidisse
2569 2589 2828 2669 putabat

628 2692 647 2719 ⁴
684 2686 894 2753 nocte,’
938 2693 1000 2743 et
1043 2681 1257 2744 deinde
1309 2683 1460 2743 alias
1514 2683 1955 2746 commendavit
2003 2682 2308 2755 lectiones,
2365 2700 2427 2743 V.
2465 2704 2518 2743 c.
2563 2694 2581 2719 ‘
2618 2695 2826 2745 vetera

627 2780 819 2839 arma'
846 2787 961 2838 cet.
1040 2776 1139 2839 Cf.
1170 2778 1445 2857 Gotting.
1486 2779 1603 2859 gel.
1633 2781 1793 2840 Auz.
1830 2800 1885 2839 a.
1929 2786 2106 2844 1774.
2131 2802 2190 2861 p.
2223 2788 2320 2843 11.
2345 2802 2436 2861 sq.
2465 2790 2528 2841 et
2552 2802 2609 2841 a.
2637 2788 2821 2859 1777.

628 2874 941 2935 Additum.
969 2895 1027 2954 p.
1052 2878 1193 2933 669.
1222 2894 1310 2953 sq.

1492 3084 1702 3133 mum
1753 3084 1966 3133 xclv.

713 3216 949 3285 Livius
996 3220 1065 3283 in
1116 3220 1287 3285 libro
1334 3236 1465 3289 xci
1478 3238 1545 3285 v.
1603 3220 1962 3289 Inarimem
2011 3220 2080 3285 iu
2129 3219 2438 3305 partibus
2493 3216 2814 3283 Maeoniae

624 3338 776 3385 esse
820 3319 1029 3399 dicit;
1072 3322 1189 3386 ubi
1238 3342 1357 3405 per
1398 3324 1882 3407 quinquaginta
1920 3322 2134 3387 millia
2161 3328 2354 3387 terrae
2384 3319 2520 3403 igni
2551 3326 2814 3383 exuslae

626 3414 829 3487 sunt(
896 3422 1055 3491 Hoc
1086 3423 1287 3488 etiam
1320 3422 1689 3491 Homerum
1722 3424 2140 3507 significasne
2173 3424 2330 3487 vult.

706 3520 875 3586 Serv.
903 3522 981 3583 ud
1010 3522 1182 3602 Virg.
1212 3524 1357 3585 AEu.
1390 3540 1491 3586 lx.
1519 3532 1661 3589 715.
1707 3524 1808 3585 Cf.
1837 3524 2091 3587 Salmas.
2120 3522 2199 3583 ad
2229 3522 2414 3585 Solin.
2443 3544 2504 3605 Ρ.
2531 3530 2631 3585 68.
2658 3530 2718 3583 6.

1422 3735 1632 3785 nunu
1681 3734 1842 3783 0111.

624 3864 1014 3930 Horrendus
1047 3868 1259 3951 magis
1290 3874 1417 3947 est,
1448 3869 1685 3953 premit
1712 3868 1828 3953 qui
1859 3888 2160 3952 corpora,
2194 3868 2414 3933 carbo.

623 3965 779 4032 Urit
806 3968 916 4031 hic
946 3969 1267 4048 inclusae,
1301 3971 1533 4037 vitalia
1562 3973 1807 4055 rumpit
1835 3972 2139 4036 acerbus.

622 4066 830 4132 Hunc
858 4076 1113 4135 veteres
1142 4074 1473 4156 quondam
1502 4074 1710 4139 variis
1741 4073 2052 4157 pepulere
2079 4072 2374 4137 medelis,

618 4168 850 4235 Tertia
876 4188 1163 4253 namque
1192 4174 1354 4238 Tibi
1382 4176 1581 4239 simul
1609 4184 1678 4239 et
1705 4175 2076 4240 centesima
2107 4172 2262 4237 Livi

622 4266 875 4335 Charta
904 4270 1124 4348 docet,
1156 4272 1330 4339 ferro
1362 4277 1558 4340 talem
1590 4276 1908 4342 candente
1941 4276 2236 4342 dolorem
