3159 4959
660 779 763 829 Dio
790 786 845 828 st

626 844 763 893 Oros.

656 1346 845 1404 Strabo,
868 1362 923 1399 v.

621 1428 674 1476 p.
695 1414 811 1461 2⁸⁵.

658 1476 856 1526 Sueten.

624 1538 754 1603 Aug.
774 1543 857 1591 2⁹.

622 1602 740 1653 Dio.

652 1824 785 1875 Plin-

627 1904 796 1939 xxxv.
812 1892 864 1941 4.

650 2204 783 2256 Plin.

622 2286 816 2349 xxffrv.
838 2276 888 2323 8.

623 2414 817 2450 xxxvi.
840 2403 920 2449 14.

1574 422 1646 471 ⁰1⁸.
1691 420 1886 471 lell

946 562 1099 623 culoe
1122 571 1185 623 et
1208 563 1361 623 arcis
1384 561 1517 623 loco
1546 570 1790 622 utuntur
1825 560 2060 633 incolae,
2091 568 2366 641 corrupta
2395 558 2663 621 nonnihil
2694 557 2848 622 v'oec‘

947 658 1169 739 Torpia
1187 678 1295 739 pro
1315 658 1581 738 Tropaeis
1605 657 1994 739 appellantes.

1030 760 1129 817 17.
1175 754 1275 814 ob
1296 753 1581 832 ejusmodi
1611 763 1736 813 tam
1775 752 1934 823 laeta,
1971 772 2106 811 cum
2137 770 2416 831 oppreoea
2453 750 2646 811 ubivis
2678 751 2844 811 bella

946 848 1302 919 viderentur,
1342 868 1590 927 quorum
1634 867 1814 908 causa
1853 866 2038 927 nuper
2073 855 2342 931 apertum
2379 845 2524 907 Jani
2557 846 2844 926 templum

946 943 1159 1017 fuerat,
1205 946 1413 1005 iterum
1450 943 1652 1004 claudi
1693 943 1935 1023 placuit.
2019 942 2288 1003 Ducibus
2329 962 2402 1003 ac
2445 942 2658 1020 legatis
2711 944 2851 1003 Au-

946 1041 1123 1119 gusti,
1151 1059 1397 1119 quorum
1436 1059 1620 1119 opera
1653 1038 1818 1099 bella
1853 1037 2124 1098 confecta
2157 1037 2413 1107 fuerant,
2441 1040 2546 1115 jus
2582 1036 2838 1109 dutum:¹

946 1136 1191 1214 singulis
1216 1136 1385 1195 annis
1410 1154 1525 1195 uno
1542 1134 1642 1193 die
1669 1132 1960 1193 Kalendis
1975 1132 2017 1191 J
2021 1133 2278 1193 anuariis
2295 1132 2596 1211 gestandae
2609 1152 2849 1193 coronae
2881 1186 2896 1193 -

947 1250 1082 1291 cum
1108 1230 1449 1311 triumphali
1472 1230 1703 1291 habitu.

1029 1336 1128 1389 18.
1172 1328 1469 1389 Omnibus
1500 1329 1596 1387 his
1625 1327 1794 1387 annis
1827 1324 2046 1386 multus
2082 1326 2142 1386 in
2185 1326 2354 1385 Urbe
2392 1325 2516 1385 suis
2553 1326 2852 1389 sumtibus

947 1423 1285 1485 exornanda
1327 1424 1420 1483 M.
1468 1424 1746 1503 Agrippa
1789 1422 1925 1494 fuit,
1975 1422 2230 1502 plurima
2271 1432 2334 1482 et
2375 1423 2614 1501 egregia
2662 1442 2852 1503 opera

946 1519 1201 1579 molitus.
1285 1518 1453 1577 Inter
1473 1538 1610 1597 quae
1637 1519 1930 1597 porticum
1963 1519 2280 1587 exstruxit,
2316 1516 2618 1577 navalium
2651 1518 2848 1577 victo·

944 1617 1161 1675 riarum
1196 1616 1521 1693 proemium,
1554 1613 1867 1695 Neptuno,
1903 1634 2078 1693 quem
2109 1612 2590 1692 Argonautarum
2623 1613 2849 1674 celebfi

946 1712 1177 1790 pictura
1201 1711 1525 1781 decoravit,
1552 1711 1610 1769 in
1650 1710 1920 1769 omnibus
1945 1712 2064 1769 suis
2095 1710 2372 1789 operibus
2395 1708 2674 1789 exemplo
2697 1728 2846 1769 con-

945 1804 1177 1867 firmare
1218 1806 1399 1877 nisus,
1436 1804 1599 1884 quod
1627 1807 1910 1865 oratione·
1927 1804 2244 1885 magnifica
2283 1824 2449 1882 sane,
2481 1816 2542 1865 et
2579 1807 2848 1865 maximo

944 1903 1161 1963 civium
1203 1900 1404 1979 digna,
1450 1899 1527 1961 de
1574 1900 1798 1961 tabulis
1832 1903 2104 1961 omnibus
2139 1902 2438 1981 signisque
2471 1901 2856 1981 publicandis

942 1997 1171 2059 habuit.
1256 1996 1450 2075 Igitur
1486 2004 1547 2056 et
1581 1996 1968 2057 Thermarum
2003 2016 2238 2057 suarum
2271 1996 2632 2059 calidissima
2673 2006 2846 2077 parte

944 2092 1327 2155 marmoribus
1364 2110 1579 2172 parvas
1619 2091 1872 2153 tabellas
1901 2092 2172 2153 inclusit:
2215 2100 2278 2151 et
2303 2100 2446 2151 ante
2465 2112 2568 2153 eas
2594 2092 2844 2172 Lysippi

943 2186 1387 2265 distringentem
1410 2186 1749 2247 dedicavit:
1779 2196 1843 2271 et
1855 2188 2139 2266 templum
2168 2186 2371 2247 Ultori
2395 2186 2536 2247 Jovi
2563 2188 2844 2268 positum,

944 2300 1079 2341 cum
1100 2280 1483 2361 Syracusanis
1506 2281 1910 2342 columnarum
1943 2283 2262 2362 capitibus,
2291 2284 2380 2343 sic
2413 2284 2748 2354 exornavit,
2771 2291 2850 2342 ut

946 2386 1180 2457 propter
1206 2378 1468 2437 omnium
1509 2376 1777 2437 Deorum
1799 2379 2122 2458 conspicua
2147 2378 2208 2437 in
2231 2398 2305 2437 eo
2327 2380 2496 2456 signa
2521 2378 2842 2440 Pantheon

617 2468 925 2515 mxuma.
945 2470 1339 2553 appellaretur
1360 2492 1379 2531 ι
1420 2491 1760 2551 quanquam
1797 2472 2050 2536 nominis
2089 2474 2218 2551 ejus
2249 2492 2488 2533 causam
2523 2473 2626 2533 alii
2657 2474 2718 2534 in
2757 2478 2846 2535 si·

620 2526 757 2576 Suid.

658 2876 771 2925 vid.
814 2875 919 2928 Ro·

616 2941 709 2989 sin.
736 2940 856 2991 Ant.

617 3004 825 3055 Roman.

620 3084 683 3117 u.
705 3074 757 3119 6.

649 3342 796 3407 Pigh-

615 3408 755 3457 Anu.
772 3410 885 3460 m.

616 3471 737 3521 Dio.

943 2565 1209 2627 mulacra
1245 2567 1465 2627 Martis
1502 2576 1565 2626 et
1610 2566 1864 2629 Veneris
1899 2567 2162 2627 Deorum
2209 2568 2496 2629 icunculis
2531 2571 2691 2630 varie
2733 2592 2844 2631 ex·

942 2662 1109 2723 culta
1140 2662 1490 2724 conferunt:
1535 2663 1658 2724 Dio
1695 2648 1782 2724 sic
1808 2664 2032 2725 dictum
2074 2684 2112 2723 a
2145 2664 2336 2725 forma
2366 2665 2620 2725 rotunda
2645 2676 2840 2747 putat,

941 2776 1073 2836 quae
1101 2756 1313 2817 coelum
1355 2757 1620 2817 Deorum
1663 2758 1926 2817 omnium
1970 2759 2334 2821 domicilium
2369 2761 2646 2822 imitetur.
2725 2760 2837 2821 Se-

942 2852 1183 2932 quentia
1208 2861 1495 2933 tempora,
1521 2874 1658 2914 cum
1703 2854 1836 2913 Diis
1867 2856 2140 2915 omnibus
2159 2865 2448 2916 sacratrim
2475 2855 2654 2917 fuisse
2679 2858 2840 2917 exis-

942 2949 1238 3019 timarent,
1266 2950 1538 3009 omnibus
1564 2948 1804 3010 Sanctis
1825 2959 1889 3011 et
1912 2950 2148 3030 Virgini
2183 2951 2460 3013 coelorum
2487 2953 2704 3030 reginae
2729 2952 2838 3013 de-

940 3042 1244 3113 dicamntz
1288 3044 1579 3123 hodieque
1620 3044 1839 3105 durans
1879 3044 1942 3105 id
1965 3066 2118 3127 opus
2149 3056 2386 3127 propter
2419 3046 2624 3108 solidoe
2661 3047 2842 3107 molis

939 3136 1326 3199 firmissimam
1368 3140 1775 3212 stabilitatem,
1815 3143 1927 3201 sub
1985 3143 2278 3205 vocabulo
2333 3142 2572 3203 Sancta!
2621 3143 2842 3205 Maria

941 3236 1245 3299 Rotunda
1300 3238 1359 3298 in
1400 3240 1704 3319 exemplar
1746 3239 2024 3319 perfectae
2065 3242 2472 3302 architectum
2521 3245 2780 3303 cernitur
2817 3266 2838 3304 ε

937 3341 1194 3395 testante
1230 3335 1409 3393 titulo
1436 3334 1529 3393 M.
1571 3336 1908 3417 Agrippam
1933 3337 2004 3397 L.
2035 3336 2106 3397 F.
2131 3338 2432 3399 consulem
2467 3341 2704 3399 tertium
2745 3340 2835 3399 fe-

934 3430 1101 3489 cisse.
1188 3424 1579 3489 Simulacrum
1625 3431 1887 3511 Augusti
1931 3432 2226 3493 collocare
2279 3434 2498 3495 ibidem
2556 3436 2838 3517 Agrippa

935 3524 1229 3595 voluerat,
1267 3528 1513 3605 ejusque
1564 3545 1778 3587 nomen
1818 3530 1980 3608 operi
2019 3532 2428 3609 prucribere:
2469 3532 2575 3591 sed
2607 3534 2834 3593 utrum-

936 3638 1050 3697 que
1094 3618 1201 3679 illo
1250 3630 1576 3690 recusante,
1626 3621 1932 3683 dictatoris
1983 3624 2237 3685 Caesaris
2285 3630 2538 3687 statuam
2577 3628 2638 3687 in
2677 3629 2836 3701 aide,

934 3735 1101 3775 suam
1126 3724 1189 3775 et
1214 3715 1475 3793 Augusti
1503 3718 1563 3776 in
1590 3718 1881 3779 vestibulo
1905 3721 2120 3799 posuit.

1016 3817 1116 3871 19.
1160 3808 1321 3871 Haec
1352 3821 1473 3871 tam
1498 3812 1812 3891 magnifica
1835 3835 2018 3895 opera
2035 3834 2171 3875 cum
2196 3820 2466 3897 proxime
2489 3822 2846 3899 contingere.

934 3904 1259 3984 principale
1284 3906 1515 3966 culmen
1553 3907 1908 3979 viderentur,
1947 3910 2148 3970 honori
2173 3920 2368 3973 tamen
2407 3913 2698 3995 Agrippae
2723 3936 2828 3996 po-

932 4000 1053 4059 tius
1076 4000 1234 4079 apud
1263 3999 1579 4074 Coesarem,
1607 4022 1786 4082 quam
1811 4004 2002 4065 fraudi
2029 4006 2212 4069 fuere.
2296 4008 2499 4070 Notus
2519 4012 2676 4070 enim
2701 4018 2830 4069 erat

997 4126 1022 4197 *l
1044 4162 1259 4214 Ducibus
1272 4180 1328 4213 cc
1344 4166 1520 4228 leg-ein
1535 4166 1750 4229 Auenti
1768 4202 1782 4218 .
1801 4200 1815 4217 .
1833 4202 1848 4219 .
1913 4184 2014 4219 non
2033 4172 2145 4235 ejus
2161 4172 2398 4235 ducibus,
2411 4174 2514 4224 Dio
2525 4172 2704 4224 datum
2719 4188 2825 4225 me·

922 4225 1011 4287 jus
1028 4228 1217 4290 aarum]
1252 4228 1366 4279 Hoc
1372 4232 1461 4295 ,ius
1481 4232 1716 4296 Augusto
1731 4232 1851 4297 ipsi,
1913 4244 2094 4286 morat.
2133 4236 2270 4286 cm.
