3159 4959
540 408 718 477 5762
1032 430 1042 445 ·
1468 420 1573 475 ·r.
1617 422 1814 473 mvn

870 576 989 627 tuae
1022 568 1485 639 detraherentur,
1518 571 1770 629 honores
1807 566 2226 637 abolerentur..
2245 566 2374 627 dies
2411 566 2634 627 natalis
2669 588 2770 629 ne·

870 664 1055 725 fastus
1092 674 1267 737 esset,
1296 687 1469 727 nemo
1508 676 1716 746 postea
1753 666 1946 743 gentis
1981 664 2268 723 Antoniae
2309 664 2506 724 Marci
2541 682 2770 746 proeno-

870 780 1003 819 men
1040 761 1263 821 ferret?

579 862 793 926 Appiam.
949 862 1049 919 74.
1095 857 1391 923 Balbinus
1416 855 1505 931 (id
1546 854 1744 915 Saenio
1779 874 2106 933 cognomen
2134 854 2374 932 fuerit·)
2401 854 2610 915 eadem
2637 876 2770 937 pmc-

544 927 661 1041 {³1¹}ss
686 942 759 976 Π·
792 944 843 993 Ρ·
862 951 1183 1031 scriptione
1216 952 1513 1013 adductus
1548 954 1608 1011 in
1649 970 1841 1011 rerum
1875 952 2138 1011 omnium
2179 951 2517 1021 discrimen,
2545 960 2668 1011 turn
2707 952 2770 1011 in

864 1048 1175 1109 consulatu
1200 1068 1309 1107 suo
1336 1047 1429 1106 Μ.
1458 1046 1750 1127 Lepidum
1775 1046 1854 1107 ad
1879 1046 2060 1126 pedes
2083 1066 2222 1107 suos
2243 1045 2573 1127 supplicem
2599 1046 2771 1118 vidit,

859 1142 1269 1223 desperantem
1306 1145 1384 1203 de
1420 1142 1571 1213 filio,
1601 1165 1708 1224 pro
1741 1143 1930 1203 salute
1955 1144 2228 1222 conjugis
2253 1144 2515 1203 anxium.
2601 1139 2771 1201 Nam

862 1258 997 1301 eam
1038 1260 1293 1320 quoque,
1325 1249 1606 1319 tanquam
1644 1239 2017 1301 consiliorum
2053 1238 2164 1299 filii
2189 1240 2510 1309 consciam,
2543 1238 2768 1299 Μω-

866 1357 971 1397 nss
1008 1357 1169 1397 ream
1204 1339 1457 1415 agebat:
1500 1347 1583 1408 et,
1611 1358 1748 1397 cum
1771 1340 2056 1415 juvenem
2085 1334 2172 1396 ‚ad
2212 1335 2510 1395 Caesarem
2537 1334 2770 1397 mittere

866 1435 1285 1503 constituisset,
1327 1442 1344 1469 ‘
1372 1454 1577 1495 sexum
1627 1432 2076 1493 imbecilliorem
2115 1451 2234 1491 non
2267 1450 2394 1491 esse
2423 1440 2772 1491 vexatarum

862 1528 1139 1589 itinerum
1180 1529 1449 1591 molestia
1468 1532 1483 1558 '
1528 1529 1794 1599 dicebat,
1842 1539 1858 1564 ‘
1887 1528 2066 1592 modo
2103 1526 2288 1588 vades
2327 1526 2510 1585 Junia
2543 1527 2770 1589 consuli

862 1623 1140 1695 dedisset,
1180 1626 1413 1687 Caesari
1450 1646 1606 1697 eam,
1648 1624 2138 1705 quandocumque
2183 1623 2558 1704 postulasset,
2597 1623 2768 1691 exhi·

866 1719 1057 1781 bitum
1094 1722 1202 1779 iri.’
1286 1722 1441 1781 Cum
1476 1741 1650 1781 nemo
1681 1722 2050 1800 reperiretur,
2077 1718 2339 1800 Lepidus
2363 1740 2569 1790 senex,
2591 1738 2768 1799 quen

864 1824 1007 1877 nota
1036 1816 1311 1892 segnities
1344 1817 1563 1877 scelere
1599 1817 1946 1886 excusabat,
1971 1816 2186 1897 saepius
2207 1817 2370 1875 circa
2395 1816 2575 1886 fores,
2599 1814 2768 1877 dein-

862 1908 939 1969 de
977 1911 1237 1971 tribuual
1271 1912 1527 1972 consulis
1562 1914 1888 1982 excubans,
1925 1932 2060 1973 cum
2095 1914 2172 1973 ab
2212 1912 2648 1991 apparitoribus
2675 1930 2765 1977 m·-

864 2006 1201 2086 pelleretur‚
1240 2008 1345 2067 vix
1384 2008 1464 2067 ad
1502 2010 1632 2069 baec
1672 2010 1858 2069 verba
1891 2009 2146 2088 spatium
2193 2007 2518 2087 aliquando
2561 2015 2768 2069 nactus

862 2112 985 2161 est:
1030 2113 1047 2139 ⁶
1084 2102 1245 2163 Meae
1272 2104 1515 2183 quidem
1538 2105 1886 2165 innocentiae
1913 2112 2092 2165 testes
2115 2104 2218 2184 qui
2241 2104 2386 2167 dare
2413 2122 2638 2185 possem
2676 2103 2762 2167 lor

860 2199 1213 2277 cupietiores
1237 2200 1353 2269 bis,
1378 2220 1417 2259 a
1440 2200 1656 2279 quibus
1681 2220 1832 2259 uxor
1856 2210 1918 2261 et
1951 2200 2112 2261 filius
2145 2200 2540 2261 accusantur?
2623 2198 2763 2261 Nec

862 2314 973 2372 ego
1008 2304 1069 2355 te
1106 2297 1439 2376 prescripsi,
1468 2305 1531 2357 et
1570 2297 1948 2375 quibusdam,
1977 2298 2082 2377 qui
2124 2306 2249 2357 tum
2273 2306 2410 2355 sunt
2433 2296 2761 2375 proscripti,

858 2410 987 2451 sum
1029 2392 1327 2453 humilior.
1408 2391 1499 2451 Tu
1540 2412 1684 2453 vero
1709 2394 2150 2453 instabilitatem
2179 2393 2447 2453 humanm
2473 2392 2644 2453 sortis
2667 2412 2761 2450 re·

858 2489 1045 2567 spice,
1070 2489 1301 2559 consul,
1330 2508 1541 2567 meque
1574 2510 1778 2551 coram
1809 2490 2088 2549 tribunali
2115 2498 2220 2549 tuo
2241 2497 2529 2549 stantem:
2571 2495 2636 2547 et
2661 2496 2764 2549 sut

858 2604 953 2643 me
994 2586 1207 2645 vadem
1244 2587 1447 2665 accipe
1488 2606 1596 2665 pro
1635 2606 1844 2657 uxore,
1887 2596 1992 2646 aut
2031 2606 2150 2645 una
2187 2606 2323 2645 cum
2357 2584 2466 2645 ills.
2499 2586 2760 2647 vinctum

856 2680 937 2741 sd
980 2682 1275 2741 Caesarem
1310 2682 1521 2740 mitte?
1607 2682 1746 2741 Nec
1781 2682 2083 2741 reticenda
2111 2680 2370 2741 consulis
2405 2682 2756 2743 humanitus.

854 2773 1067 2835 Tantae
1094 2776 1435 2835 mutationis
1459 2776 1750 2846 misertus,
1778 2777 2178 2841 vadimonium
2207 2777 2440 2839 mulieri
2475 2778 2716 2839 remisit.
2739 2818 2748 2836 ,

544 2882 653 2930 Dio.
937 2877 1035 2933 75.
1081 2870 1207 2931 Sub
1252 2872 1381 2931 haec
1426 2881 1713 2951 tempora,
1761 2880 1942 2951 atque
1989 2873 2143 2933 adeo
2175 2875 2308 2951 jam
2355 2874 2434 2933 ab
2477 2872 2754 2933 Actiaca

856 2966 1121 3027 victoriis
1158 2968 1383 3038 nuntio,
1409 2968 1564 3029 sicut
1605 2969 1818 3029 acerbe
1837 3026 1844 3034 ,
1863 2970 1922 3028 in
1959 2969 2316 3039 Antonium,
2341 2969 2430 3029 sic
2461 2969 2519 3029 in
2550 2968 2757 3031 Caesnn·

854 3081 977 3121 rem
1004 3062 1321 3123 honorifice
1348 3062 1539 3124 multa
1562 3064 1806 3125 decreta.
1829 3073 1998 3124 sunt:
2045 3074 2061 3099 ‘
2085 3063 2448 3145 Triumphus
2469 3064 2546 3123 de
2576 3065 2754 3127 cleo,-

854 3168 1045 3237 patra,
1088 3180 1259 3219 arcus
1295 3160 1668 3241 triumphalis
1713 3160 2040 3231 Brundisii,
2077 3170 2140 3222 et
2181 3162 2238 3221 in
2280 3160 2408 3221 soro
2452 3160 2752 3227 Romano.

857 3253 1003 3315 Divi
1036 3255 1185 3315 Julii
1224 3276 1461 3337 quoque
1502 3257 1702 3319 fanum
1744 3258 2016 3318 exornari
2061 3258 2262 3318 rostris
2301 3267 2612 3339 capturum
2647 3278 2750 3319 nn·

853 3351 1015 3411 vium
1030 3352 1044 3375 ’
1071 3350 1319 3431 placuit,
1348 3362 1365 3387 ‘
1386 3362 1489 3412 aut
1512 3353 1806 3413 columnis
1831 3374 1910 3413 ex
1937 3353 2044 3413 illo
2061 3374 2176 3413 aere
2199 3352 2346 3415 fusis
2360 3374 2376 3421 3
2422 3355 2751 3433 quinquen·-

854 3446 1017 3505 nales
1058 3448 1263 3507 haberi
1304 3447 1477 3507 ludos
1512 3450 1577 3507 in
1602 3449 1882 3511 bonorem
1909 3450 2310 3528 imperatoris:
2351 3449 2510 3509 diem
2537 3448 2752 3512 natalis

852 3544 1003 3618 ejus,
1046 3541 1303 3621 itemque
1356 3544 1646 3603 nuntiatae
1690 3545 1974 3614 victoriae,
2025 3546 2174 3605 inter
2216 3544 2456 3605 feriatos
2502 3544 2754 3605 haberi?

851 3635 1171 3708 Additum,
1215 3649 1231 3674 ‘
1262 3648 1329 3699 ut
1368 3641 1426 3699 in
1458 3638 1688 3699 Urbem
1735 3640 2085 3719 ingredienti
2122 3641 2402 3719 Virgines
2449 3640 2752 3713 Vestalem⁸

848 3746 1199 3814 senatusque
1244 3744 1307 3795 et
1348 3736 1604 3817 populus
1649 3737 1960 3797 Romanus
1997 3758 2134 3798 cum
2171 3738 2520 3817 conjugibus
2559 3758 2634 3799 sc
2673 3738 2748 3799 li-

849 3832 1005 3892 beris
1039 3834 1447 3893 occurrerent!
1528 3834 1567 3893 J
1571 3855 1666 3894 sm
1697 3834 2176 3914 supplic-tiones,
2201 3843 2264 3895 et
2293 3839 2567 3906 statua-u,⁹
2599 3836 2746 3897 elis·

1430 4003 1463 4049 9
1496 3998 1684 4049 Statue
1707 4000 1826 4049 edd.
1849 4009 1972 4049 ante
1991 4000 2144 4051 Crev.

1677 4118 1700 4136 0
1705 4118 1732 4135 6·
1737 4118 1972 4138 “m‘OO

908 4205 931 4229 ¹·
982 4196 1043 4245 la
1090 4194 1253 4244 Senio
1288 4210 1541 4259 omenes
1568 4196 1753 4260 suerit]
1828 4196 2226 4247 Freinshemius.
2283 4198 2420 4247 Nan·
2443 4200 2742 4253 acetabula

848 4260 933 4309 lta
999 4260 1215 4323 conjicit
1275 4275 1341 4309 ex
1406 4260 1558 4310 rebus
1629 4261 1754 4325 ipsis
1827 4261 2268 4325 marmoresapnd
2285 4263 2434 4327 Pigh.
2451 4278 2740 4328 cognomen
