3159 4959
452 342 634 413 5516

468 998 681 1064 Appian.

512 1948 558 1994 A
603 1945 642 2021 ·“

479 2019 531 2059 et
619 2026 668 2061 o.

481 2234 694 2301 Appian-

481 2420 596 2469 Dio.

1417 362 1483 407 ‘l'-
1533 360 1725 407 mvn

783 507 951 575 stitit,
971 505 1112 584 quin
1135 504 1465 563 vastatione
1483 520 1781 580 agrorum,
1800 496 2359 579 intercipiendisque
2382 516 2681 559 commea-

783 602 942 661 tibus
968 600 1356 661 Mamertinos
1378 604 1642 658 vexaret.
1714 596 1837 655 Sed
1862 604 1925 655 et
1950 594 2177 654 vicinos
2200 613 2372 673 opem
2398 594 2551 655 ferre
2576 618 2677 656 oo-

785 708 1013 768 nantes,
1049 704 1330 775 exceptos
1353 715 1456 775 per
1491 692 1753 760 iusidias,
1781 700 1885 750 aut
1915 689 2095 749 simili
2133 690 2309 751 clade
2344 690 2681 761 mulctatos,

785 795 1136 853 deterrebat.
1220 792 1536 849 Postremo
1579 806 1715 849 cum
1762 789 1894 865 jam
1950 787 2129 845 etiam
2176 795 2522 864 quaestorem
2570 788 2683 847 Bi-

727 970 730 973 *
785 889 1039 969 thynici,
1061 906 1196 948 cum
1222 887 1472 966 pecunia
1485 902 1663 964 quam
1683 883 2057 962 deportabat,
2086 883 2143 940 iu
2172 890 2521 961 potestatem
2548 884 2681 943 red-

787 988 1000 1066 egisset
1025 1006 1042 1053 ;
1107 1004 1211 1065 per
1256 1000 1593 1042 communes
1643 981 1884 1048 amicos,
1939 978 2212 1037 Hirtium
2258 988 2319 1037 et
2374 978 2685 1049 Fannium,

791 1084 896 1163 qui
921 1100 1120 1147 recens
1143 1078 1450 1160 proscripti
1491 1077 1553 1135 in
1580 1074 1859 1134 Siciliam·
1875 1072 2273 1153 profugerant,
2300 1074 2447 1132 inita
2482 1083 2571 1133 est
2596 1072 2683 1133 iii-

793 1188 882 1238 ter
905 1179 1084 1237 duces
1109 1178 1330 1257 pactio,
1357 1182 1442 1243 ut,
1481 1180 1717 1251 aequato
1748 1172 2015 1249 imperio,
2046 1168 2311 1228 Siciliam
2336 1170 2683 1229 obtinerent.

798 1273 902 1333 Sic
927 1282 1198 1350 receptus
1240 1271 1557 1335 Messanae,
1602 1270 2003 1347 imper-stoque
2042 1275 2109 1325 ut
2136 1267 2417 1347 pecunias
2438 1276 2501 1324 et
2524 1284 2687 1324 arma

795 1368 1141 1447 proferrent,
1175 1366 1501 1445 Syracusas
1527 1363 1735 1442 petiit:
1780 1370 2137 1441 acceptoque
2159 1382 2235 1421 ex
2264 1360 2478 1421 Africa
2500 1360 2689 1419 subsi-

796 1462 919 1532 dio,
945 1460 1106 1540 quod
1133 1462 1216 1527 Q.
1247 1458 1595 1520 Cornificius
1618 1459 1875 1525 miserat,
1902 1466 1964 1515 et
1990 1455 2151 1515 illam
2172 1458 2395 1527 urbem,
2412 1464 2691 1536 etpostea

797 1556 994 1636 plures
1015 1559 1266 1635 subegit,

875 1658 934 1714 3.
979 1652 1160 1711 Unde
1194 1672 1284 1710 res
1317 1651 1699 1711 frumentaria
1740 1658 2091 1730 perangusta
2126 1648 2363 1719 Romae,
2405 1648 2697 1727 multique

795 1747 1072 1807 mortales
1087 1748 1340 1807 absumti
1365 1745 1595 1824 frugum
1616 1746 1883 1825 penuria,
1904 1753 2221 1823 coegerunt
2240 1745 2564 1814 Caesarem,
2590 1746 2695 1823 qui

797 1844 1080 1903 hactenus
1119 1844 1408 1920 majorum
1446 1860 1636 1901 rerum
1670 1860 1815 1900 cura
1849 1839 2099 1899 Sextum
2135 1842 2337 1919 augeri
2364 1840 2602 1909 tulerat,
2628 1846 2697 1896 ut

679 1960 730 1995 n.
798 1948 858 1997 et
881 1938 1056 1998 classi
1082 1937 1432 1996 instruendae
1458 1936 1749 2015 adjiceret
1783 1936 2063 2005 animum,
2090 1944 2151 1995 et
2176 1936 2259 2002 Q.
2289 1934 2693 1995 Salvidienum

801 2034 1031 2093 Rufum
1101 2052 1238 2092 cum
1301 2032 1632 2109 ingentibus
1693 2032 1879 2111 copiis
1939 2030 2241 2109 Rhegium
2304 2031 2697 2111 praemitteret.

803 2130 1084 2209 Namque
1113 2128 1442 2207 Pompeius
1481 2128 1538 2186 in
1569 2126 1695 2186 dies
1722 2126 1991 2204 augendo
2024 2128 2243 2186 famam
2268 2138 2449 2205 atque
2474 2128 2696 2206 copias,

801 2234 934 2285 cum
963 2238 1174 2307 praeter
1197 2234 1424 2284 ceteros
1449 2223 1789 2303 perplurimi
1810 2223 1895 2282 ‘ad
1920 2242 2055 2283 eum
2082 2244 2157 2282 ex
2176 2224 2536 2295 civitatibus,
2564 2242 2696 2302 quoe

805 2320 1053 2380 militum
1104 2320 1362 2400 praemiis
1407 2320 1875 2388 destinabantur,
1928 2318 2327 2389 confluerent,'
2346 2320 2477 2397 jam
2518 2320 2697 2377 etiam

807 2415 1008 2475 Italiae
1041 2425 1266 2474 tentare
1307 2434 1470 2473 oram
1503 2416 1783 2473 audebat.
1870 2414 1994 2474 Sed
2032 2415 2293 2475 adventu
2322 2414 2545 2474 Juliani
2586 2432 2698 2472 ex-

805 2512 1020 2571 ereitus
1043 2510 1102 2568 in
1131 2508 1400 2569 Siciliam
1423 2530 1486 2568 se
1523 2510 1782 2589 recepit:
1826 2518 1887 2569 et
1928 2510 2323 2581 Salvidienus,
2364 2530 2495 2570 cum
2532 2512 2701 2569 navi-

807 2606 920 2664 bus
942 2606 1374 2673 destitueretur,
1401 2606 1639 2682 navigia
1662 2626 1742 2664 ex
1760 2606 1919 2665 corio
1940 2605 2231 2665 fabricare
2256 2607 2527 2678 instituit,
2554 2626 2699 2685 qua-

807 2699 962 2759 libus
1003 2700 1062 2757 in
1101 2706 1332 2760 oceano
1369 2700 1707 2769 utebantur,
1752 2701 1980 2759 levibus
2022 2700 2195 2778 liguis
2232 2712 2525 2771 conserta,
2566 2720 2701 2781 quae

807 2794 953 2853 foris
974 2794 1130 2875 pelle
1157 2795 1385 2855 bubula
1405 2794 1610 2866 cruda,
1637 2796 1694 2853 in
1722 2795 1923 2875 clypei
1948 2796 2221 2867 formam,
2249 2796 2701 2856 inducebantur-3

813 2888 934 2949 Sed
961 2890 1157 2950 irrisus
1189 2898 1253 2951 et
1276 2891 1416 2951 huic
1443 2892 1683 2951 invento
1709 2890 2002 2960 diffidens,
2030 2890 2251 2969 Rhegii
2274 2912 2337 2951 se
2362 2894 2570 2961 tenuit,
2598 2892 2703 2951 do-

811 3004 922 3045 nec
945 2985 1158 3044 eodem
1186 2985 1390 3047 Caesar
1409 2987 1679 3047 venisset.
1761 2987 1869 3046 Ab
1896 2990 2009 3046 hoc
2030 2989 2563 3068 acceptis'navibus
2584 2997 2703 3048 tra-

523 3075 572 3123 Α
609 3073 736 3150 ῼὶίῦ·
803 3080 1035 3160 jicienti
1079 3082 1406 3163 Pompeius
1451 3085 1641 3161 juxta
1686 3082 1952 3161 Scyllam
1998 3084 2271 3153 occurrit,
2322 3094 2707 3163 consertoque

493 3147 544 3187 et
613 3152 679 3186 10.

815 3177 1014 3237 navali
1039 3178 1264 3258 praelio,
1289 3180 1351 3269 iu
1376 3187 1609 3258 portum
1642 3176 1791 3237 freto
1828 3179 2159 3257 proximum
2201 3180 2453 3256 (Balaro
2498 3180 2707 3240 nomen

815 3272 954 3343 fuit)
993 3276 1264 3332 retrusit:
1311 3274 1564 3332 audacia
1602 3273 1879 3341 militum,
1914 3277 2293 3348 (exercitatos
2330 3277 2487 3335 enim
2522 3275 2710 3335 Afros

815 3386 1012 3428 secum
1042 3368 1488 3448 Hispanosque,
1509 3378 1572 3427 et
1596 3367 1811 3428 multos
1832 3372 2093 3449 egregios
2110 3391 2186 3429 ex
2215 3370 2401 3430 Italia
2422 3373 2575 3430 viros
2600 3372 2705 3430 ha-

403 3530 412 3539 ,
493 3474 604 3522 Liv.
625 3470 757 3535 Epit.
815 3464 1046 3533 bebat‚)
1073 3474 1137 3524 et
1155 3464 1364 3543 peritia
1391 3465 1667 3541 remigum
1694 3466 1989 3543 superior;
2020 3486 2358 3545 quanquam
2386 3486 2629 3526 numu-o
2646 3476 2712 3525 et

492 3538 610 3587 Dio.

497 3600 711 3663 Appian-

499 3742 616 3793 nio.

819 3559 1216 3635 magnitudine
1243 3561 1477 3619 navium
1507 3562 1868 3622 vincebatur.
1929 3561 2375 3641 Neque'tamen
2404 3563 2711 3643 pauciores

820 3654 946 3731 ipse
971 3673 1150 3712 naves
1169 3656 1460 3715 amiserat.

902 3756 960 3807 4.
1006 3748 1127 3809 Sed
1153 3750 1376 3820 Caesar,
1405 3754 1510 3830 qui
1535 3762 1919 3831 spectatorem
1956 3764 2156 3833 egerat
2178 3755 2388 3836 praelii,
2416 3766 2541 3815 tam
2564 3755 2712 3815 duro

823 3845 1110 3925 principio
1135 3850 1373 3907 minime
1410 3847 1603 3917 laetus,
1638 3849 1945 3909 damnavit
1982 3852 2377 3911 consilium'vi
2414 3848 2712 3933 transpor'-

821 3940 984 3998 tandi
1034 3944 1257 4022 copim,
1305 3954 1366 4002 et
1399 3946 1714 4024 aliquoties
1752 3947 2024 4025 trajicere
2064 3946 2261 4005 furtim
2304 3958 2549 4007 conatus
2582 3956 2675 4007 est
2713 3968 2728 4005 :

824 4034 1031 4093 robore
1059 4037 1350 4115 legionum
1377 4060 1613 4118 sperans
1640 4042 1988 4120 superiorem
2022 4041 2170 4121 fore,
2212 4042 2389 4102 modo
2408 4054 2715 4123 penetrare
2754 4030 2765 4041 ’

751 4204 754 4207 ¹
827 4128 886 4188 in
939 4130 1184 4193 insulam
1228 4134 1503 4194 licuisset.
1591 4136 1747 4195 Cum
1792 4138 1906 4197 ista
1955 4142 2192 4218 quoque
2220 4140 2437 4203 frustra
2484 4138 2719 4202 tentata
