3159 4959
536 436 710 502 572ss
1504 442 1575 490 τ.
1625 441 1814 489 mvn

862 591 1225 671 umphatum‚
1271 586 1499 667 quoties
1540 585 1600 644 iu
1641 587 2016 662 conspectum
2056 577 2248 640 venire
2289 578 2584 655 signorum
2625 595 2756 637 nos·

868 697 1090 747 trorum
1138 685 1572 744 sustinuerunt:
1617 679 1882 756 reliquiae
1921 695 2144 746 eorum,
2184 693 2335 753 quos
2388 673 2760 754 Philippensi

864 781 1023 841 bello
1064 779 1141 840 ad
1180 780 1509 839 satietatem
1547 785 1800 836 vestram
1843 772 2152 834 cecidistis.
2257 770 2462 830 Unum
2503 790 2627 829 esse
2666 771 2758 829 fa-

862 887 991 937 teor
1032 877 1090 935 in
1138 875 1447 936 hostilibus
1490 872 1718 942 cestrie,
1767 872 1938 949 cujus
1981 889 2090 928 nec
2135 867 2384 927 inficiari
2429 868 2756 937 veritatem,

864 995 973 1034 nec
1000 973 1231 1032 elevare
1260 970 1724 1050 magnitudinem
1751 968 1956 1026 ausim.
2040 964 2261 1041 Ingens
2283 964 2342 1022 in
2371 963 2488 1022 illis
2511 963 2761 1023 navibus

866 1070 991 1130 auri
1018 1067 1247 1149 pondus
1270 1075 1380 1138 est,
1406 1065 1681 1124 maximae
1707 1062 1951 1120 divitiae.
2028 1058 2152 1118 Sed
2177 1058 2284 1117 illa
2311 1059 2600 1118 neminem
2629 1058 2758 1118 vul-

864 1174 1093 1235 nerant,
1120 1173 1203 1234 et,
1229 1165 1278 1221 si
1307 1163 1417 1222 viri
1443 1161 1606 1230 estis,
1632 1167 1826 1220 vestra
1849 1165 2002 1217 sunt.
2073 1155 2168 1214 At
2193 1173 2470 1233 quorsum
2495 1173 2604 1233 ego
2632 1155 2758 1214 haec

862 1279 1275 1329 commemoro,
1320 1277 1453 1337 quae
1500 1253 1908 1314 tantummodo
1947 1251 2208 1312 excitare
2249 1269 2458 1311 avaros
2497 1249 2760 1330 possint?

868 1357 1177 1418 Debentur
1220 1353 1457 1433 quidem
1504 1353 1618 1412 ista
1663 1350 1851 1420 vobis,
1891 1358 2070 1427 atque
2111 1345 2267 1407 ultro
2313 1367 2450 1406 mox
2491 1345 2758 1406 aderunt.

864 1453 991 1514 Sed
1025 1451 1293 1530 digniora
1327 1450 1493 1510 vobis
1526 1448 1790 1507 victoriae
1825 1446 2066 1526 praemia
2101 1463 2226 1502 esse
2255 1463 2407 1514 reor,
2435 1442 2593 1522 quod
2637 1461 2757 1502 ma·

856 1555 1141 1632 jestutcm
1176 1551 1455 1632 principis
1490 1558 1772 1608 terrarum
1805 1545 2034 1626 populi,
2061 1543 2222 1624 quod
2248 1553 2471 1603 vestras
2495 1544 2760 1622 injurius,

862 1659 1119 1710 vestram
1145 1647 1413 1725 gloriam,
1440 1654 1695 1704 vestrum
1720 1643 2023 1723 imperium
2051 1638 2382 1700 defendisse
2411 1639 2707 1700 dicemini.

862 1791 871 1798 .
944 1751 1043 1803 55.
1088 1751 1104 1778 ‘
1138 1741 1287 1801 Huc
1328 1741 1505 1818 igitur
1546 1736 1799 1808 adeste,⁶
1836 1745 2130 1817 quotquot
2165 1744 2270 1795 aut
2309 1754 2492 1814 nuper
2531 1755 2758 1796 mecum

860 1839 1142 1918 Illyricas
1184 1835 1674 1914 Dalmaticasque
1718 1833 2004 1902 nationes,
2050 1840 2154 1890 ant
2199 1831 2378 1911 paulo
2423 1841 2560 1891 ante
2605 1831 2758 1891 Sici-

866 1934 1007 1992 liam
1050 1931 1306 1998 vicistis3
1351 1931 1612 2010 quique⁷
1656 1929 1952 1987 Mutinam
1987 1927 2126 1987 hnic
2164 1927 2356 1986 eidem
2401 1927 2612 1988 latroni
2645 1929 2758 1986 eri-

868 2029 1110 2109 puistis:
1152 2037 1214 2086 et
1238 2046 1415 2108 quam
1441 2046 1549 2106 pro
1572 2025 1834 2084 castellis
1857 2025 2119 2084 obscuris
2151 2025 2475 2103 capiendis,
2502 2044 2610 2102 pro
2647 2043 2762 2082 una

868 2134 970 2184 aut
1010 2125 1152 2183 urbe
1178 2121 1575 2194 defendenda,
1605 2131 1711 2182 aut
1746 2120 2144 2202 recuperanda
2176 2120 2499 2201 provincia,
2525 2121 2758 2200 reipub-

867 2219 998 2280 licoe
1033 2219 1243 2279 fortem
1280 2218 1630 2297 fidelemque
1667 2219 2010 2299 praestitistis
2041 2235 2303 2297 operum,
2327 2216 2578 2276 eandem
2603 2236 2756 2276 nnnc

867 2317 928 2376 in
955 2316 1223 2376 universo
1248 2315 1505 2376 omnium
1530 2316 1862 2374 discrimine
1887 2314 2185 2372 adhibete.
2269 2311 2460 2383 Nam,
2481 2313 2530 2372 si
2557 2333 2756 2374 verum

576 2443 745 2492 pncm
866 2410 1100 2471 dicere⁸
1143 2411 1433 2482 volumus,
1474 2419 1541 2470 ut
1579 2409 1738 2490 apud
1779 2429 1886 2469 nos
1923 2429 2030 2488 pro
2069 2409 2340 2467 libertate
2381 2409 2585 2489 populi
2625 2407 2756 2468 Ro-

544 2507 679 2559 Pane
718 2535 732 2550 ·
868 2509 1046 2578 mani,
1074 2509 1137 2567 'et
1170 2517 1400 2567 tantum
1436 2527 1551 2566 non
1591 2506 1831 2564 humani
1870 2506 2116 2582 generis,
2144 2506 2228 2563 sic
2265 2504 2398 2564 inde
2435 2505 2496 2564 iu
2533 2506 2758 2564 ruinam

544 2575 749 2684 52:³1⁰„
762 2631 843 2676 85.
865 2604 1161 2684 utriusque
1203 2605 1573 2684 pugnabitur.
1660 2602 1814 2661 Cum
1855 2621 1929 2661 ea
1963 2602 2196 2662 foemina
2229 2602 2452 2662 bellum
2487 2613 2595 2674 est,
2621 2623 2755 2683 quoe

543 2703 667 2750 Flor.
708 2691 821 2741 ⁰³⁰·
865 2707 927 2758 et
961 2701 1377 2778 concupiscere
1406 2699 1746 2757 Romanum
1775 2699 2104 2777 imperium,
2133 2707 2194 2757 et
2217 2699 2600 2778 cupiditatem
2625 2719 2756 2780 pro-

866 2791 1017 2852 fiteri
1058 2793 1269 2861 andet3
1313 2811 1445 2852 cum
1482 2813 1555 2851 eo
1592 2792 1847 2863 homine,
1875 2793 2118 2872 quinon
2157 2795 2346 2853 minus
2379 2793 2588 2854 stolide
2625 2815 2756 2875 pro-

864 2889 1021 2948 misit
1048 2889 1173 2949 haec
1202 2890 1423 2961 omnia,
1452 2908 1629 2968 qnam
1655 2887 1765 2946 illa
1789 2890 2060 2968 nequiter
2087 2889 2502 2969 postulaverat.
2577 2891 2756 2951 Absit

864 3003 1003 3044 vero
1038 2995 1103 3043 ut
1135 2985 1265 3044 haec
1302 2993 1425 3044 tam
1465 2984 1598 3042 dira
1630 2983 1912 3063 dictuque
1939 2985 2116 3044 etiam
2143 2986 2243 3044 vix
2273 2984 2608 3046 tolerabilia
2633 2986 2756 3045 ulla

863 3077 992 3137 dies
1016 3079 1238 3150 videat,
1268 3080 1417 3140 utin
1444 3088 1565 3138 tam
1591 3080 1834 3160 impuris
1857 3079 2124 3138 manibus
2149 3080 2352 3160 populi
2383 3079 2646 3140 Romani
2681 3083 2758 3142 sit

864 3175 1216 3253 respublica,
1245 3183 1311 3235 ut
1328 3175 1537 3235 scurris
1553 3175 1780 3245 horum,
1809 3195 1958 3254 quos
1981 3174 2159 3253 digno
2183 3197 2322 3235 sane
2351 3179 2582 3236 nomine.
2611 3187 2629 3213 ‘
2649 3197 2751 3237 co—

865 3272 1095 3349 preas'¹'
1134 3273 1243 3352 ipsi
1272 3280 1512 3341 vocant,
1539 3291 1646 3329 vos
1668 3273 2068 3350 conjugesqne
2097 3281 2322 3343 vestrae,
2349 3273 2542 3344 liberi,
2573 3274 2752 3355 patri-

864 3369 1060 3426 monia
1094 3367 1432 3426 divexanda
1469 3367 1697 3425 dentur.

945 3467 1049 3520 56.
1093 3470 1111 3496 ⁶
1144 3459 1245 3520 Sic
1283 3461 1525 3520 animati
1560 3481 1753 3540 neque
1791 3458 2220 3523 multitudinem
2255 3463 2505 3524 hostium
2541 3467 2750 3524 timue-

866 3552 1007 3614 ritis.
1098 3554 1299 3615 Turba
1342 3557 1497 3615 enim
1546 3565 1658 3627 est,
1711 3564 1772 3615 et
1823 3556 2057 3635 vulgus,
2104 3559 2263 3618 haud
2306 3581 2511 3641 parum
2557 3561 2751 3640 aptius

1266 3739 1299 3784 6
1333 3735 1527 3785 Adeste}
1546 3735 1598 3784 in
1621 3735 1742 3784 edd.
1767 3743 1888 3786 ante
1912 3736 2064 3785 (ἶπον.
2095 3739 2298 3800 legitur.

1265 3803 1297 3847 ⁷
1334 3799 1519 3861 Quippe
1542 3815 1638 3861 pro
1659 3801 1827 3862 quique
1851 3800 2122 3862 legebatur
2147 3811 2266 3852 ante
2289 3805 2446 3854 Crev.

1268 3867 1298 3912 8
1330 3863 1500 3914 Abest
1520 3879 1618 3912 vox
1640 3864 1798 3914 dicere
1820 3865 1872 3913 in
1903 3863 2023 3913 edd.
2046 3874 2166 3915 ante
2189 3867 2342 3918 Crem

1414 3981 1443 4002 ⁶
1622 4013 1984 4036 mm&

926 4107 951 4142 δ
1002 4110 1231 4174 Capreas]
1296 4112 1545 4162 Homines
1601 4113 1766 4176 nihili,
1851 4115 1902 4163 in
1942 4116 2117 4170 Tiber.
2149 4134 2196 4170 c.
2235 4125 2316 4172 ⁶1.
2346 4127 2400 4171 et
2423 4121 2603 4172 Claud.
2627 4136 2674 4172 c.
2697 4125 2747 4171 8.

866 4185 1061 4222 merum
1080 4183 1299 4226 stercus.
1342 4177 1529 4227 Graeca
1546 4190 1646 4225 vox
1666 4186 1766 4240 est,
1851 4181 1993 4230 Creo.

866 4245 982 4286 orta
998 4251 1027 4287 a
1044 4237 1231 4305 κόπρος,
1250 4247 1496 4305 usurpata
1520 4241 1766 4290 Suetonio
