3159 4959
529 418 709 487 ⁶668
1485 436 1557 485 ·1·.
1604 434 1801 506 mvn

566 592 768 641 Seston.
859 577 996 639 bem
1017 584 1290 649 evocato,
1315 596 1498 657 quam
1524 597 1633 658 pro
1656 577 1951 639 eoncione·
1978 593 2073 637 res
2112 594 2252 637 suas
2291 586 2473 657 atque
2507 576 2765 640 consilia

535 656 669 769 *⁴133
689 660 773 769 ᾖ·
855 674 1153 753 exposuit,
1191 674 1396 753 idque,
1431 675 1585 734 sicut
1616 674 1855 733 solenne
1889 671 2007 733 fuit
2036 673 2095 731 ei
2130 674 2191 734 in
2228 674 2501 734 omnibus
2522 677 2765 754 majoris

536 784 755 850 Appia.
859 770 1140 829 momenti
1179 771 1452 849 negotiis,
1487 770 1564 829 de
1604 770 1847 849 scripto,
1882 768 2045 849 quod
2084 789 2227 830 mox
2266 768 2477 831 edidit.
2550 772 2759 850 Argu·

857 876 1122 928 mentum
1145 877 1274 931 erat
1297 868 1535 948 plenum
1559 869 1777 927 amoris
1800 876 1863 928 et
1886 868 2339 929 benevolentiae.
2416 866 2619 927 Gestis
2640 870 2763 939 suis

859 966 1240 1034 enumeratis,
1267 965 1486 1042 gratias
1515 964 1735 1041 agebat
1770 963 2057 1043 patribus,
2092 973 2333 1044 propter
2367 965 2617 1025 honores
2652 964 2761 1023 de-

855 1062 1036 1122 latos.
1099 1059 1530 1121 Laudationem
1551 1060 1733 1129 enim,
1749 1067 1997 1131 statuas,
2019 1060 2267 1140 primam
2292 1060 2511 1138 ubique
2532 1060 2763 1131 sedem.

861 1156 1276 1236 triumphalem
1301 1176 1526 1227 arcum,
1551 1155 1908 1225 ovationem,
1934 1176 2217 1216 coronam
2254 1155 2515 1215 lauream
2554 1175 2766 1237 perpe-

866 1263 972 1314 tuo
1007 1252 1378 1332 gestandam,
1412 1253 1591 1313 ferias
1630 1253 2079 1323 anniversarias,
2106 1272 2229 1331 qua
2251 1250 2349 1313 die
2374 1252 2634 1322 vicisset,
2668 1261 2763 1313 at·-

848 1369 982 1431 ·que
1007 1370 1082 1411 ea
1105 1350 1202 1409 die
1227 1358 1295 1409 ut
1319 1351 1379 1409 in
1406 1348 1564 1409 cella
1588 1348 1629 1407 J
1632 1350 1760 1409 ovis
1780 1347 2111 1429 Capitolini
2128 1368 2267 1409 cum
2282 1368 2469 1411 uxore
2486 1356 2551 1409 et
2563 1346 2769 1410 liberis

867 1445 1226 1527 epularetur,
1251 1445 1653 1507 decreverant.

945 1550 1046 1603 40.
1091 1540 1215 1602 Sed
1253 1561 1329 1601 ex
1371 1542 1462 1601 his
1495 1550 1621 1601 tum
1647 1538 1919 1621 quaedam
1942 1543 2243 1603 recusavit
2267 1542 2471 1603 Caesar
2494 1543 2763 1605 modesta

865 1641 1160 1701 oratione:
1202 1639 1585 1718 promisitque
1610 1638 1905 1698 consuetis
1929 1639 2249 1701 honoribus
2270 1649 2613 1701 contentum
2636 1640 2770 1701 fora

865 1754 1006 1796 cum
1032 1732 1316 1815 proeclara
1347 1734 1542 1796 civilis
1575 1735 1825 1795 extincti
1860 1735 2008 1795 belli
2038 1736 2439 1797 conscientia:
2480 1758 2601 1817 quo
2624 1738 2765 1797 sub-

867 1830 996 1891 lato
1021 1852 1178 1891 nunc
1203 1831 1695 1912 tranquillitatem
1720 1841 1899 1911 atque
1926 1853 2132 1913 pacem
2148 1834 2409 1913 jubebat
2444 1833 2765 1913 expectari,

867 1938 932 1990 et
955 1948 1090 2009 quae
1117 1929 1254 1988 inde
1285 1930 1447 1989 bona
1477 1927 1943 2010 proficiscuntur.
2027 1929 2237 2008 Atque
2264 1938 2330 1990 ut
2354 1950 2427 1989 ea
2453 1932 2589 2008 jam
2622 1929 2765 1989 incia·

867 2034 1076 2105 petent
1093 2025 1527 2105 persentiscere,
1555 2045 1621 2084 se
1644 2025 1873 2085 tributa
1896 2032 2187 2104 quotquot
2220 2024 2465 2095 indicta,
2492 2044 2601 2085 nec
2623 2024 2767 2085 dum

867 2120 1171 2203 persoluta
1187 2130 1401 2191 essent,
1422 2119 1787 2181 debitoribus
1812 2122 2103 2181 remittere
2130 2119 2321 2189 dixit3
2352 2121 2611 2199 itemque
2628 2140 2769 2180 vec-

867 2218 1082 2297 tigalia
1105 2218 1412 2289 nonnulla,
1439 2229 1502 2279 et
1527 2218 1829 2279 mercedes
1853 2218 2308 2277 habitationum.
2388 2216 2648 2296 Accepit
2672 2225 2765 2275 ta-

870 2334 1003 2375 men
1025 2334 1103 2374 ex
1123 2312 1463 2385 honoribus,
1485 2322 1555 2373 ut
1577 2334 1763 2375 ovans
1787 2314 1961 2373 iniret
1988 2312 2243 2382 Urbem,
2266 2320 2331 2371 et
2352 2332 2551 2385 annua
2572 2311 2769 2371 solen-

871 2409 974 2471 nia
996 2410 1259 2471 victoriae
1284 2430 1430 2481 suae,
1451 2428 1591 2469 cum
1616 2418 1825 2468 aurata
1848 2416 2043 2469 statua
2066 2408 2129 2467 in
2154 2406 2306 2479 fore,
2334 2407 2545 2467 habitu
2568 2408 2774 2467 trium-.

873 2504 1062 2583 phali,
1083 2505 1454 2581 cingentibus
1477 2503 1811 2564 columnam
1838 2503 2077 2563 navium
2104 2503 2327 2573 rostris,
2354 2512 2419 2563 et
2442 2503 2771 2583 inscriptio·

545 2602 848 2666 ruficnpit.
873 2618 1008 2659 nem
1041 2597 1194 2657 hanc
1231 2597 1578 2677 praeferente
1604 2598 1733 2657 basi
1763 2618 1778 2657 :
1824 2615 1916 2657 on
1946 2614 2189 2659 racem
2220 2614 2340 2657 mv
2370 2614 2771 2671 ‘rvrisnnuq

547 2670 782 2785 Asss‘gj
873 2710 1116 2755 'raam
1159 2708 1492 2764 MAvas
1529 2708 1855 2753 PARTAM.
1940 2691 2249 2771 Ingressus
2280 2703 2369 2753 est
2397 2692 2629 2752 Urbem
2658 2696 2771 2753 ite-

548 2786 690 2869 Οτῲ·
873 2812 1002 2851 rum
1047 2791 1315 2851 triumvir
1359 2788 1705 2869 reipublicae
1758 2789 2181 2849 constituenda
2217 2807 2421 2861 causa,
2464 2809 2649 2850 ovans
2690 2784 2771 2849 ex'

550 2858 768 2987 Αῗζξὲξ
877 2886 1110 2958 Sicilia,
1154 2885 1368 2947 Idibus
1405 2884 1875 2946 Novembribus.

955 2990 1054 3043 41.
1099 2981 1226 3043 Sub
1250 3002 1350 3042 eos
1373 2981 1524 3053 dies,
1550 2980 1837 3042 offerente
1870 2982 2197 3043 maximum
2224 2978 2635 3063 pontificatum
2660 3002 2771 3064 po·

590 3082 786 3131 Sueten.
875 3080 1038 3159 pulo,
1069 3078 1226 3159 quod
1247 3098 1385 3139 eum
1409 3077 1593 3139 adimi
1613 3080 1755 3140 vivo
1772 3080 2053 3159 cuiquam
2076 3077 2405 3139 inauditum
2428 3087 2579 3149 erat,
2604 3098 2771 3139 recu-

552 3146 786 3274 23³³:
875 3176 1068 3236 savit:
1111 3184 1174 3235 et
1203 3174 1560 3255 quibusdam
1600 3174 1893 3255 Lepidum
1936 3194 2045 3255 pro
2090 3175 2255 3235 hoste
2296 3173 2539 3253 publico
2572 3176 2773 3235 necari

552 3273 672 3326 Dio.
866 3270 1240 3351 jubentibu8‚
1266 3272 1733 3332 constantissime
1762 3272 1985 3331 renisus
2010 3279 2119 3331 est.
2202 3267 2270 3329 N
2274 3290 2345 3329 ec
2372 3269 2643 3340 deerant,
2670 3271 2779 3349 qui

876 3367 1006 3426 haec
1033 3386 1202 3427 secus
1236 3368 1771 3446 interpretarentur.
1844 3364 2036 3426 Facta
2070 3366 2219 3437 hmo,
2248 3373 2315 3425 ut
2340 3364 2570 3446 Lepido
2594 3375 2775 3445 atque

878 3461 1170 3533 Antonio,
1206 3470 1486 3541 tanquam
1506 3460 1729 3541 dispari
1755 3460 2017 3543 praeditis
2042 3462 2301 3541 ingenio,
2336 3460 2659 3522 conflarent
2682 3462 2772 3541 in-

875 3556 1134 3617 vidiam:
1179 3576 1368 3635 neque
1407 3566 1618 3638 sponte
1660 3556 1837 3617 fuisse
1874 3556 2205 3629 liberalem,
2232 3556 2337 3617 s'ed
2365 3556 2524 3637 quod
2552 3558 2715 3635 exigi
2735 3577 2776 3617 a

876 3652 1288 3732 depauperatis
1311 3654 1542 3711 civibus
1580 3672 1697 3713 non
1728 3654 2004 3734 potuerit,
2041 3653 2265 3715 donare
2300 3673 2483 3733 quam
2527 3653 2772 3733 perdere

877 3746 1173 3809 maluisse.

955 3850 1060 3904 42.
1103 3847 1197 3905 At
1222 3852 1416 3925 patres
1439 3846 1517 3906 ob
1542 3845 1831 3925 ejusmodi
1866 3847 2325 3909 moderationem
2360 3845 2549 3905 multa
2571 3843 2773 3905 decre-

877 3948 1123 4001 verunt:
1168 3949 1185 3976 ‘
1207 3942 1292 3999 uti
1337 3950 1744 4002 sacrosanctus
1785 3942 2121 4014 haberetur,
2158 3951 2221 4002 et
2254 3942 2359 4021 qui
2398 3960 2536 4000 eum
2570 3940 2775 4009 verbo,

879 4038 1059 4117 quive
1087 4035 1246 4097 facto
1272 4036 1538 4108 laesisset,
1565 4036 1775 4098 eadem
1794 4058 1967 4119 poena
1984 4047 2298 4109 teneretur,
2320 4058 2391 4097 ac
2412 4037 2463 4097 si
2480 4033 2781 4111 tribunumj

882 4132 1074 4212 plebis
1096 4132 1438 4194 violavisset
1459 4134 1498 4193 ε’
1539 4154 1785 4215 quorum
1810 4144 1877 4194 et
1898 4142 2275 4215 potestatem,
2312 4143 2375 4195 et
2398 4136 2459 4194 in
2482 4130 2779 4191 subselliis

553 4233 693 4283 Oros·
881 4246 998 4289 una
1045 4230 1388 4293 considendi
1419 4232 1528 4311 jus
1563 4231 1621 4291 ei
1664 4228 1973 4293 dederant.
2054 4232 2355 4295 Additum
2399 4230 2603 4301 etiam,
2646 4236 2666 4264 ‘
2692 4226 2787 4307 uti,
