3159 4959
632 396 808 463 5912
1578 413 1652 461 Ψ.
1703 410 1884 458 mvn

634 556 979 638 indignum
1038 554 1157 619 illa
1210 552 1487 617 foemina
1536 552 2033 629 existimantes,
2085 557 2159 616 ut
2208 551 2404 617 Titus
2457 552 2574 631 ait,
2625 572 2859 636 quem

634 658 985 723 consulatu
1007 654 1423 739 judicassent
1450 656 1744 738 dignum.

716 758 891 817 Plut.
917 758 977 816 in
1002 754 1156 816 Vita
1180 755 1369 835 Syllae
1396 776 1455 836 p.
1481 762 1622 817 455.
1667 754 1770 817 Of.
1810 755 2076 816 Freinsh.
2107 754 2320 836 Suppl.
2351 770 2622 815 Lxxvu.
2649 762 2711 815 2.

717 856 911 939 Sylla
952 874 1101 919 cum
1131 854 1413 937 primum
1444 855 1530 918 ad
1561 853 1814 919 Urbem
1845 861 2082 919 contra
2111 852 2406 917 Marium
2437 860 2656 917 castra
2687 874 2858 917 mo·

636 961 863 1035 visset,
894 954 1067 1023 adeo
1112 957 1271 1021 laeta
1312 962 1473 1020 exta
1515 956 1894 1021 immolanti
1937 954 2152 1019 fuisse
2195 954 2437 1019 scribit
2467 954 2728 1031 Livius,
2763 964 2859 1019 ut

638 1058 959 1125 custodiri
1004 1076 1083 1121 se
1132 1056 1527 1121 Postumius
1568 1058 1904 1141 haruspex
1947 1058 2248 1129 voluerit,
2289 1056 2532 1140 capitis
2577 1058 2860 1138 suppli-

636 1162 815 1227 cium
860 1160 1217 1237 subiturus,
1247 1158 1377 1223 nisi
1420 1178 1530 1236 ea,
1562 1178 1720 1243 qum
1767 1160 1838 1223 in
1867 1159 2096 1223 animo
2125 1157 2317 1241 Sylla
2347 1159 2640 1234 haberet,
2675 1158 2850 1222 Diis

592 1320 599 1329 .
631 1262 1034 1346 juvantibus
1064 1259 1503 1342 implevisset.

721 1360 1040 1438 Augustin.
1066 1358 1143 1419 de
1166 1358 1303 1419 civ.
1335 1357 1455 1419 Dei
1484 1375 1561 1418 11.
1589 1366 1689 1419 24.
1734 1358 1834 1419 Cf.
1864 1359 2035 1419 Plut.
2064 1360 2104 1420 l.
2137 1358 2178 1419 l.
2211 1380 2270 1440 p.
2293 1364 2430 1421 457.

1393 1558 1496 1605 AD
1549 1556 1697 1605 mu.
1743 1555 2096 1605 mxxxiii.

730 1674 1005 1740 Eversis
1043 1676 1293 1760 quippe
1334 1682 1402 1740 et
1440 1676 1731 1739 incensis
1770 1676 2081 1739 omnibus
2122 1694 2276 1738 cum
2321 1676 2575 1759 oppido
2607 1674 2764 1752 (Ilio
2809 1698 2852 1736 a

642 1774 933 1853 Fimbria>
963 1777 1363 1858 simulantia,
1392 1777 1607 1841 solum
1645 1776 1968 1842 Minervae
2013 1777 2439 1841 simulacrum
2483 1780 2610 1842 sub
2653 1784 2852 1841 tanta

642 1877 837 1941 ruina
869 1879 1099 1962 templi
1126 1878 1331 1957 illius,
1362 1885 1433 1943 ut
1462 1880 1700 1943 scribit
1729 1878 1990 1957 LiviuS,
2021 1880 2346 1961 integrum
2377 1880 2649 1945 stetisse
2691 1900 2851 1963 per·

640 1977 1044 2156 ωιῗιιιὲἴιέῒίιι.
1087 2077 1164 2138 de
1218 2078 1354 2139 civ.
1395 2078 1514 2137 Dei
1560 2094 1670 2139 111.
1715 2085 1776 2141 ’1.
1859 2078 1961 2139 Cf.
1999 2079 2161 2159 Epit.
2205 2088 2268 2139 et
2309 2078 2574 2139 Freinsh.
2625 2078 2846 2161 Suppl.

647 2190 902 2235 Lxxul.
930 2182 990 2239 7.
1052 2180 1275 2237 Auctor
1298 2176 1376 2234 de
1404 2173 1539 2235 Vir.
1572 2174 1677 2233 111.
1705 2196 1761 2235 c.
1790 2182 1891 2239 70.
1960 2176 2232 2257 Appian.
2261 2177 2321 2235 b.
2352 2176 2625 2237 Mithrid.
2653 2198 2709 2239 c.
2737 2184 2846 2237 53.

649 2278 712 2328 et
734 2276 835 2329 61.
881 2269 1107 2350 Obseq.
1135 2269 1210 2329 de
1236 2269 1427 2332 Prod.
1455 2290 1511 2331 c.
1540 2276 1680 2330 116.
1803 2308 1813 2319 ·

1494 2469 1594 2516 An
1647 2466 1714 2513 [al
1733 2468 1790 2513 Β.
1841 2466 1999 2521 xct.

738 2584 895 2649 Hoc
950 2586 1233 2667 primum
1286 2584 1591 2667 proelium
1648 2586 1826 2649 iuter
1879 2586 2248 2651 Sertorium
2307 2593 2376 2650 et
2434 2586 2848 2671 Pompeium

644 2685 797 2751 fuit.
889 2686 1141 2750 Decem
1189 2686 1404 2751 millia
1432 2686 1776 2751 homiuum
1807 2686 1894 2751 de
1925 2687 2236 2771 Pompeii
2261 2690 2560 2753 exercitu
2589 2692 2850 2758 amissa

645 2796 716 2850 et
746 2788 971 2851 omnia
999 2786 1496 2868 impedimenta,
1527 2785 1768 2851 Livius
1801 2796 2036 2853 auctor
2063 2799 2188 2853 est.

732 2886 1001 2945 Frontin.
1032 2882 1217 2944 Strat.
1248 2901 1325 2945 11.
1354 2892 1413 2945 ὅ.
1440 2891 1540 2945 31.
1587 2884 1691 2947 Of.
1722 2885 1991 2949 Freinsh.
2021 2888 2233 2971 Suppl.
2265 2910 2410 2953 xcx.
2459 2900 2550 2953 19.

1442 3082 1547 3130 ΑΙ)
1603 3084 1746 3131 [ΑΒ.
1795 3084 2037 3133 xcvu.

732 3198 1041 3281 Triginta
1079 3200 1375 3282 quinque
1414 3200 1626 3265 millia
1664 3210 2064 3265 armatorum
2109 3201 2514 3279 (fugitivorum
2550 3225 2589 3264 a
2627 3204 2848 3263 Crasso

644 3296 1039 3376 devictorum)
1081 3319 1163 3364 eo
1206 3301 1439 3383 praelio
1484 3300 1838 3367 interfecta
1881 3321 2030 3367 cum
2075 3304 2246 3386 ipsis
2285 3304 2594 3383 ducibus,
2627 3302 2846 3379 (Casto

643 3406 705 3458 et
736 3398 1011 3460 Gannico
1046 3400 1142 3461 vel
1172 3399 1489 3478 Granium)
1522 3402 1758 3467 Livius
1796 3405 2015 3481 tradit,
2046 3412 2350 3489 receptas
2377 3408 2670 3491 quinque
2701 3406 2846 3471 Ro-

642 3518 989 3565 manorum
1040 3503 1325 3585 aquilas,
1360 3504 1547 3587 sigua
1595 3524 1716 3568 sex
1759 3512 1827 3570 et
1866 3506 2122 3589 viginti,
2155 3510 2364 3573 multa
2393 3511 2636 3593 spolia,
2667 3511 2844 3573 inter

646 3621 802 3684 quae
833 3604 1128 3687 quinque
1155 3602 1381 3668 fasces
1412 3624 1562 3669 cum
1596 3608 1972 3671 securibus.

726 3701 994 3763 Frontin.
1024 3702 1207 3763 Strat.
1238 3720 1315 3763 11.
1344 3712 1403 3765 ὃ.
1430 3712 1529 3765 34.
1574 3706 1676 3767 Cf.
1705 3706 1784 3769 ad
1819 3706 1976 3788 Epit.
2008 3708 2139 3770 Liv.

1418 3905 1523 3951 AD
1576 3906 1722 3953 mn.
1773 3904 2053 3954 xovlu.

750 4016 986 4081 Livius
1038 4018 1228 4096 dicit,
1276 3990 1617 4106 nunquam
1671 4022 2016 4088 Romanos
2073 4026 2264 4107 signa
2323 4044 2472 4089 cum
2525 4024 2838 4091 hostibus

643 4117 1012 4182 contulisse
1062 4127 1243 4186 tanto
1299 4139 1576 4187 numero
1628 4126 2010 4189 inferiores:
2069 4143 2220 4190 nam
2278 4126 2662 4210 vigesimam
2717 4128 2836 4192 vix

641 4219 925 4283 militum
959 4230 1243 4303 partem,
1274 4226 1478 4290 immo
1509 4228 1850 4304 minorem,
1881 4227 2092 4292 fuisse
2122 4226 2512 4294 victoribus·
