3159 4959
574 421 751 488 5718

546 640 553 653 ,
578 593 695 644 Dio.

1552 433 1622 482 ‘1'-
1675 431 1862 480 mvn

904 585 1057 648 rant,
1094 576 1227 654 igne
1264 574 1529 634 consumi
1558 573 1826 654 placuit:
1867 580 2080 654 preter
2117 571 2433 654 AEgyptia‘s
2450 574 2798 653 sexaginta,

901 693 1051 753 quus
1072 673 1239 734 malo
1256 671 1501 732 consilio
1522 672 1862 752 Cleopatras
1885 671 2283 750 relinquebat.
2347 669 2558 732 Noctu
2583 672 2798 733 deinde

901 770 1328 850 pretiosissimis
1360 789 1549 828 rerum
1585 770 1646 827 in
1680 787 1861 828 naves
1895 769 2294 847 comportatis,
2323 776 2636 848 postquam
2671 789 2799 829 om·-

902 867 1006 927 uia
1027 866 1169 926 satis
1212 866 1497 926 instructa
1520 873 1846 944 parataque
1859 861 2232 934 videbantur,
2261 862 2562 922 Antonius
2587 864 2802 925 adber-

902 961 1117 1022 tandos
1154 962 1317 1043 prius
1358 961 1581 1022 milites
1623 969 1810 1031 ratus,
1855 959 2150 1020 advocata
2187 960 2496 1030 concione,
2535 961 2694 1021 bunc
2737 964 2798 1020 in

902 1059 1145 1120 modum
1183 1059 1393 1120 fecisse
1417 1059 1600 1118 verba
1622 1057 1876 1118 dicitur:
1919 1066 1937 1094 ‘
1959 1057 2120 1124 Qun
2144 1077 2185 1116 a
2205 1056 2358 1116 duce
2399 1057 2592 1136 parari
2629 1077 2802 1138 opor-

903 1155 1041 1228 tuit,
1088 1164 1301 1236 praesto
1350 1173 1475 1215 esse
1518 1156 1740 1224 omnia,
1783 1173 1860 1212 ne
1903 1153 2050 1212 mibi
2107 1152 2272 1212 credi
2331 1151 2642 1232 posmlem,
2689 1154 2804 1232 ipsi

902 1250 1167 1322 novistis,
1184 1259 1387 1330 ‘atque
1428 1249 1579 1310 adeo
1613 1249 1855 1320 videtis,
1881 1247 2332 1308 commilitones.
2413 1246 2558 1308 Sive
2597 1263 2801 1309 nume·-

904 1363 1036 1406 rum
1054 1349 1355 1426 copiarum
1375 1347 1686 1427 respicitis,
1705 1346 1828 1405 sive
1847 1345 2091 1405 cuilibet
2109 1345 2308 1423 generi
2328 1363 2540 1424 pugnae
2559 1343 2804 1405 idoneas

906 1461 1135 1514 manus,
1172 1443 1333 1502 baud
1372 1443 1551 1504 dubie
1589 1443 1918 1523 superiores
1949 1460 2166 1501 sumus.
2248 1438 2450 1499 Taceo
2481 1441 2642 1518 quod
2679 1449 2800 1502 tam

904 1540 1127 1598 strenui
1150 1537 1472 1600 bellatores
1496 1539 1760 1618 plerique
1787 1539 1948 1608 estis,
1974 1536 2301 1617 pugnisque
2329 1535 2664 1595 clarissimis
2697 1556 2800 1596 no-

904 1635 1148 1705 bilitati,
1200 1645 1267 1696 ut
1314 1635 1411 1696 vel
1458 1634 1818 1712 singulorum
1869 1632 2228 1693 celebratam
2277 1632 2552 1691 virtutem
2607 1633 2803 1692 hostes

904 1731 1088 1815 πως-ἰ
1128 1731 1421 1792 horreant.
1506 1731 1756 1790 Viribus
1803 1731 2002 1808 igitur,
2047 1729 2108 1787 in
2155 1728 2368 1807 quibus
2405 1735 2542 1786 sunt
2579 1731 2800 1800 omnia,

905 1821 1185 1906 potidres,
1220 1828 1401 1888 etiam
1440 1827 1820 1908 pecuniarum
1859 1845 1976 1885 non
2015 1823 2422 1903 magnitudine
2459 1824 2658 1894 modo,
2695 1826 2800 1885 sed

902 1923 1195 1984 facilitate
1242 1923 1491 2006 parandi
1542 1922 1866 2002 utendique
1919 1921 2192 1982 libertate
2239 1921 2544 1980 vincimus.
2630 1919 2700 1980 N
2701 1938 2799 1980 am

904 2039 983 2078 ex
1025 2021 1205 2080 ubere
1243 2021 1420 2100 copia
1454 2019 1742 2078 desumtis
1775 2037 1966 2096 neque
2007 2035 2246 2097 parcere
2285 2016 2572 2094 cogimur,
2611 2035 2799 2097 neque

904 2115 1222 2175 seditiones
1252 2135 1359 2198 per
1384 2115 1506 2175 vim
1534 2123 1768 2195 ereptas
1795 2113 2160 2194 querentium
2191 2110 2608 2172 formidamus:
2652 2133 2799 2193 qua—

906 2211 993 2272 lia
1026 2213 1217 2272 multa
1250 2212 1431 2272 visuri
1472 2231 1613 2272 mox
1654 2212 1710 2269 in
1753 2209 1938 2271 Italia
1971 2227 2192 2278 sumus,
2227 2207 2327 2266 ubi
2357 2211 2492 2286 jam
2525 2210 2672 2269 olim
2701 2219 2799 2268 tu·

904 2309 1201 2368 mentibus
1254 2307 1465 2368 animis
1512 2315 1757 2378 metum,
1801 2325 1922 2386 quo
1961 2303 2056 2364 illi
2097 2302 2226 2364 solo
2275 2302 2472 2364 adhuc
2507 2313 2799 2377 tenentur,

890 2393 1073 2464 'arma
1105 2413 1303 2464 nostra
1338 2403 1725 2463 detraxerint.

986 2507 1087 2559 ³6.
1132 2509 1151 2536 ‘
1174 2500 1333 2562 Post
1362 2501 1477 2558 ista
1508 2517 1676 2579 poene
1714 2513 2215 2579 supervacaneum
2235 2502 2326 2554 est
2353 2493 2432 2554 de
2455 2513 2552 2554 me
2576 2495 2803 2569 dicere,

904 2595 1017 2654 nisi
1050 2595 1266 2655 referre
1302 2595 1635 2666 arbitrarer,
1661 2595 1776 2654 hoc
1807 2596 1989 2654 etiam
2025 2593 2106 2652 ab
2141 2593 2410 2652 omnibus
2442 2589 2715 2670 intelligi,
2741 2603 2803 2652 et

906 2706 1013 2751 vos
1032 2711 1157 2750 esse
1182 2691 1469 2770 ejusmodi
1498 2699 1565 2749 ut
1589 2691 1858 2769 quolibet
1881 2691 2230 2770 imperatore
2255 2688 2492 2748 vincere
2528 2689 2797 2768 ponitis:

904 2793 968 2844 et
1008 2805 1127 2857 me,
1174 2793 1241 2844 ut
1279 2785 1642 2864 quibuslibet
1681 2785 1988 2844 militibus.
2074 2785 2158 2844 Et
2207 2805 2320 2863 ego
2369 2803 2486 2844 non
2549 2785 2801 2864 amplius

895 2883 1151 2960 juventa
1184 2881 1437 2951 calidus,
1474 2881 1735 2940 noudum
1769 2889 2010 2941 senecta
2041 2882 2255 2960 segnis,
2281 2881 2390 2940 bos
2427 2881 2588 2960 ipsos
2619 2899 2801 2942 annos

905 2977 1120 3047 babeo,
1145 2977 1363 3056 quibus
1386 2983 1450 3036 et
1472 2977 1820 3056 corporibus
1854 2977 2048 3038 adbuc
2073 2978 2249 3038 robur
2271 2985 2526 3048 constat,
2551 2985 2616 3036 et
2637 2995 2797 3036 men·

904 3073 1053 3132 tium
1080 3071 1253 3151 longe
1278 3073 1563 3132 acerrima
1587 3073 1678 3132 vis
1699 3081 1808 3132 est.

984 3172 1085 3231 ³7.
1128 3177 1147 3204 ‘
1170 3167 1269 3228 De
1310 3169 1545 3247 ingenio
1590 3178 1655 3229 et
1695 3189 1823 3239 usu,
1859 3187 2200 3248 quanquam
2239 3169 2298 3226 in
2339 3169 2488 3228 meis
2524 3168 2800 3229 laudibus

902 3263 1155 3325 debeam
1196 3283 1321 3324 esse
1360 3267 1699 3335 restrictior,
1740 3263 1800 3324 id
1837 3262 2243 3324 tantummodo
2272 3261 2491 3336 dican,
2527 3275 2798 3326 neutrum

902 3361 1045 3419 mibi
1076 3357 1354 3429 defuisse,
1381 3362 1694 3438 quominus
1715 3367 1780 3418 et
1805 3359 1978 3420 utilia
2013 3359 2340 3440 providere,
2375 3369 2440 3420 et
2471 3371 2801 3442 opportuna

898 3455 1119 3525 dicere,
1160 3463 1223 3514 et
1266 3455 1427 3516 domi
1472 3455 1734 3533 bellique
1775 3454 1976 3516 facere
2019 3475 2154 3537 quae
2195 3465 2508 3537 oporteret,
2551 3477 2797 3538 possem.

902 3549 1043 3611 Nec
1082 3549 1263 3612 ferme
1305 3550 1598 3630 particula
1647 3551 1775 3610 ulla
1825 3552 2192 3629 negotiorum
2246 3553 2556 3633 utrobique
2604 3553 2800 3614 offerri

900 3655 1116 3728 potest,
1154 3665 1332 3726 quam
1385 3665 1499 3706 nou
1552 3647 1912 3728 experiendo
1963 3648 2306 3708 didicerim:
2347 3667 2504 3730 saepe
2550 3648 2800 3712 aliorum

900 3742 1108 3814 ductu,
1148 3761 1309 3823 soepe
1348 3744 1495 3803 meis
1533 3745 1810 3824 auspiciis
1847 3763 1942 3803 res
1993 3744 2269 3823 gerendo,
2319 3745 2566 3826 parendi
2611 3747 2795 3828 impe·

901 3839 1189 3920 randique
1227 3841 1495 3920 cognitas
1532 3859 1736 3901 omnes
1775 3841 2032 3901 rationes
2070 3842 2283 3902 babeo.
2368 3841 2572 3903 Multa
2595 3851 2794 3914 caute,

901 3935 1062 3996 haud
1113 3957 1307 4018 pauca
1356 3937 1740 3998 audacissime
1787 3939 1962 4018 gessi,
2003 3946 2071 4000 ut
2114 3939 2474 4019 temporibus
2513 3949 2676 4000 recte
2709 3939 2795 4000 uti

902 4050 1312 4093 assuescet-em.
1396 4032 1620 4114 Neque
1663 4033 1926 4094 Fortuna
1978 4033 2190 4106 defuit,
2235 4036 2378 4114 quin
2429 4044 2491 4095 et
2538 4035 2798 4097 victoriis

902 4147 999 4189 me
1022 4129 1241 4202 multis,
1268 4139 1329 4190 et
1354 4149 1768 4212 nonnunquam
1796 4131 2147 4203 infortuniis,
2174 4129 2251 4192 ad
2277 4151 2481 4193 omnes
2504 4133 2795 4195 bellorum

902 4241 1071 4285 casus
1092 4226 1369 4288 erudiret.
1410 4237 1423 4244 '

986 4325 1083 4382 88.
1128 4329 1145 4360 ‘
1172 4321 1295 4382 Sed
1322 4325 1435 4384 ista
1458 4343 1593 4385 cum
1619 4325 1778 4406 apud
1813 4329 2081 4387 conscios
2119 4325 2334 4400 dicam,
2363 4346 2478 4388 nou
2517 4348 2620 4388 ero
2655 4344 2788 4407 pro·
