3159 4959
840 445 1041 492 msa·
1098 445 1449 494 cxxxm.
1492 445 2139 500 suvrnsman‘rvu.
2185 409 2191 414 ¹
2423 436 2594 508 5737

382 585 543 644 citiae
567 587 671 662 jus
706 586 900 654 essetss
941 585 1341 664 interrogavit.
1426 585 1527 648 Ibi
1566 589 1832 660 Marcus,
1864 597 1881 624 ‘
1907 589 2088 656 Quod
2131 592 2281 650 inter
2336 608 2484 658 Ovid.

384 679 647 738 homines
694 681 1053 740 sanctissime
1104 683 1437 742 conservari
1488 683 1746 754 interest,
1797 695 1980 764 tuque
2033 671 2281 766 probare
2300 671 2454 786 ἑξῆς.
2481 691 2520 786 ¹¹·
2549 679 2600 786 g·

382 775 559 832 etiam
604 775 660 834 in
700 776 965 836 hostibus
1004 779 1382 849 consuevisti,
1430 778 1579 838 fides
1617 801 1710 839 me
1751 781 1980 852 incitat,
2020 791 2083 840 et
2127 781 2276 842 refe·
2301 770 2384 850 25:
2515 773 2526 790 ⁸
2586 771 2600 787 ‘

382 869 581 930 rendae
618 891 723 950 pro
759 873 979 932 meritis
1017 875 1221 952 gratiae
1260 875 1634 934 desiderium.
1715 875 1862 936 Tres
1893 886 2032 937 sunt
2065 879 2280 956 quibus
2303 865 2514 929 Appias.

380 967 583 1026 omnia
616 988 709 1028 me
742 969 961 1029 debere
994 971 1280 1039 arbitron
1310 972 1443 1040 tibi,
1470 973 1573 1050 qui
1601 992 1694 1032 me
1730 992 1968 1032 numero
1991 973 2277 1053 proscrip-

383 1069 575 1122 torum
598 1065 907 1133 exemisti:
942 1065 1035 1124 Μ.
1050 1066 1364 1145 Agrippae,
1390 1069 1563 1144 cujus
1589 1068 1864 1146 precibus
1887 1076 2164 1127 exoratus
2185 1089 2280 1136 es;

383 1165 446 1215 et
488 1159 648 1229 huic,
690 1164 863 1240 cujus
904 1182 1011 1241 pro
1055 1161 1246 1221 salute
1292 1181 1446 1222 nunc
1487 1163 1770 1246 solicitus·
1795 1184 1944 1222 sum.
2030 1163 2196 1224 Nam
2234 1166 2286 1223 is

384 1253 525 1312 mihi
568 1265 879 1334 patronum
921 1257 1257 1337 Agrippam
1300 1258 1555 1337 paravit,
1580 1267 1643 1317 et
1683 1267 1860 1318 antea
1881 1271 2134 1338 ‘quoque
2173 1258 2286 1317 fuit

386 1348 445 1406 in
472 1368 567 1408 me
592 1350 873 1410 liberalis.
951 1353 1197 1433 Quippe
1220 1352 1396 1412 clade
1427 1352 1602 1412 Bruti
1626 1362 1858 1432 captus,
1884 1374 2020 1413 cum
2049 1357 2285 1431 agnosci

384 1443 673 1517 timerem,
716 1467 823 1526 pro
862 1467 1030 1508 servo
1069 1449 1245 1507 venii.
1330 1448 1495 1506 Emit
1530 1468 1626 1508 me
1666 1448 1954 1519 Barbula,
1993 1459 2066 1508 et·
2090 1450 2286 1508 indusss

386 1539 563 1599 trium
614 1561 739 1600 esse
790 1562 1053 1612 cernens,
1106 1529 1565 1622 dispensatorem
1617 1545 1866 1604 constitu
1874 1545 1937 1604 it.
2049 1543 2285 1603 Deinde

386 1653 523 1696 cum
564 1637 742 1696 aliam
784 1639 844 1698 in
884 1658 979 1699 me
1020 1637 1287 1722 indolem·
1316 1639 1822 1720 deprehendisset,
1860 1641 1924 1699 id
1959 1641 2118 1720 quod
2162 1650 2287 1700 erat

386 1734 735 1816 suspicatus,
790 1743 859 1793 ut
906 1754 1105 1794 verum
1158 1734 1395 1804 faterer,
1440 1734 1631 1794 salute
1683 1736 1989 1815 promissa,
2039 1737 2285 1796 monuit.

390 1832 617 1892 Contra
660 1850 771 1908 ego
814 1830 1001 1890 latere
1046 1831 1243 1890 adhuc
1282 1832 1393 1891 sub
1440 1831 1553 1890 hac
1595 1851 1841 1910 persona
1882 1832 2146 1911 cupienS‚
2187 1851 2286 1890 ne-

388 1947 549 2005 gare,
576 1926 880 1994 obtestari,
907 1945 1141 1996 nomen,
1169 1945 1371 2004 genus,
1398 1935 1461 1986 et
1496 1928 1718 2006 priores
1751 1926 2020 1986 dominos
2046 1926 2286 2003 fingere.

390 2019 531 2081 Nec
564 2029 805 2080 exemta
843 2020 1125 2080 Barbulae
1160 2022 1413 2102 suspicio
1452 2030 1564 2091 est,
1605 2021 1984 2100 Romamque
2025 2019 2288 2101 proficis-

387 2137 529 2177 cens
565 2137 765 2176 secum
800 2117 887 2175 ire
915 2118 1117 2194 jussit,
1143 2117 1433 2195 siquidem
1472 2118 1830 2198 proscriptus
1870 2137 2076 2186 essem,
2103 2117 2289 2178 haud-

391 2233 689 2294 quaquam
736 2223 961 2292 promte
1006 2223 1341 2274 secuturum
1386 2215 1726 2274 arbitratus.
1810 2214 2091 2298 Ceterum
2136 2216 2293 2276 bona

390 2329 525 2368 mea
558 2309 799 2368 fortuna
836 2307 1057 2368 factum
1098 2317 1209 2379 est,
1238 2319 1305 2368 ut
1344 2309 1586 2388 quidam
1624 2312 1945 2370 amicorum
1984 2309 2289 2380 Barbulae,

390 2407 493 2484 qui
522 2404 821 2464 salutandi
848 2425 983 2464 eum
1010 2425 1195 2465 causa
1218 2405 1297 2464 ad
1325 2415 1551 2484 portam
1583 2414 2002 2487 processerant,
2033 2425 2124 2465 me
2149 2426 2290 2484 cog-

390 2510 681 2569 nosceret,
722 2501 906 2580 idque
948 2502 1005 2560 ei
1046 2500 1199 2580 clam
1246 2501 1555 2561 indicaret.
1635 2501 1790 2562 Tum
1829 2501 1932 2561 ille
1979 2521 2094 2560 non
2137 2503 2293 2580 prius

390 2596 713 2672 acquievit,
737 2615 915 2673 quam
940 2597 1317 2655 securitatem
1343 2595 1486 2654 mihi
1514 2605 1617 2655 tuo
1645 2595 1934 2655 beneficio
1960 2595 2248 2654 redderet.

470 2697 570 2750 18.
614 2700 631 2726 ‘
663 2691 947 2768 Ejusdem
992 2692 1367 2769 benignitatis
1407 2693 1640 2751 occasio
1686 2713 1760 2750 en
1801 2693 2008 2750 iterum
2050 2691 2294 2751 offertur

392 2789 523 2856 tibi,
554 2787 777 2846 Caesar.
863 2786 1147 2846 Barbulae
1174 2788 1323 2846 inter
1350 2787 1603 2846 Antonii
1631 2786 1907 2867 praesidia
1933 2787 2292 2866 deprehenso

392 2903 583 2942 meam
628 2883 843 2942 imitari
886 2883 1181 2942 solertiam
1224 2884 1482 2962 placuit3
1540 2904 1775 2944 servum
1814 2881 2010 2942 finxit.
2094 2884 2155 2942 A
2198 2905 2291 2943 me

392 2977 797 3038 dissimulante
844 2979 1110 3038 notitiam
1155 2981 1305 3056 ejus,
1348 2988 1537 3037 emtus
1580 2988 1690 3038 est.
1776 2978 1901 3037 Per
1935 2987 2017 3046 te,
2064 2978 2291 3049 Caesar,

392 3071 682 3135 fortunam
730 3084 915 3141 tuam,
962 3084 1202 3153 tamque
1248 3076 1515 3134 faventes
1558 3074 1636 3132 ad
1682 3075 1883 3136 omnia
1935 3073 2122 3143 Deos,
2165 3095 2290 3142 oro,

394 3180 500 3230 aut
524 3171 775 3230 salutem
802 3169 971 3228 unius
996 3170 1173 3247 hujus
1197 3170 1407 3255 capitis
1431 3169 1690 3228 concede
1717 3168 1857 3226 mihi
1866 3211 1884 3238 ,
1913 3177 2016 3227 aut
2051 3187 2141 3226 me
2179 3189 2294 3226 una

390 3265 643 3326 interfici
658 3265 829 3343 jube.
912 3263 1191 3323 Tolerare
1218 3264 1479 3322 dolorem
1507 3284 1622 3322 non
1651 3271 1878 3341 potero,
1906 3264 1956 3320 si
1983 3271 2103 3322 tam
2129 3262 2294 3322 fuero

392 3360 624 3429 infelix,
652 3367 738 3429 ut,
764 3359 860 3419 cui
899 3361 1083 3419 vitam
1124 3359 1339 3428 debeo,
1366 3374 1600 3417 servare
1639 3375 1945 3436 nequeam.
2029 3355 2124 3415 At
2158 3377 2295 3417 vero

394 3465 500 3514 tua
538 3474 633 3516 me
667 3454 1002 3514 consolatur
1039 3455 1394 3522 humanitas,
1421 3473 1602 3532 quam
1638 3473 1795 3532 saepe
1831 3453 1998 3521 alias,
2026 3462 2088 3512 et
2119 3453 2296 3512 modo

388 3552 673 3611 ‘adversus
696 3550 1121 3610 inimicissimos
1146 3549 1583 3609 demonstrasti.⁸
1669 3548 1876 3616 Macte
1898 3548 2011 3607 bac
2037 3549 2297 3609 clemen-

396 3649 484 3706 tia
517 3667 651 3724 quae
688 3656 747 3705 te
787 3648 843 3703 in
882 3645 1092 3704 coelum
1130 3644 1455 3726 aliquando
1478 3644 1650 3714 feret,
1677 3652 1739 3702 et
1763 3644 1993 3716 interim
2023 3647 2298 3723 aequitate

402 3741 601 3802 Deum
648 3743 972 3821 praestabit,
1020 3751 1087 3800 ut
1130 3749 1253 3801 tam
1299 3741 1622 3800 misericors
1666 3741 1877 3808 victor,
1925 3749 2033 3798 nec
2079 3740 2298 3799 offendi

398 3836 619 3897 debeas
653 3856 691 3895 a
724 3855 1048 3915 quoquam,
1074 3845 1157 3905 et,
1182 3857 1321 3895 cum
1346 3835 1525 3894 fueris
1557 3833 1832 3903 offensus,
1861 3854 2090 3912 semper
2119 3835 2304 3912 possis

401 3933 743 4010 ignoscere!
828 3929 973 3989 Non
1001 3932 1221 4010 repulit
1244 3941 1365 3989 tam
1393 3931 1664 3989 honestas
1697 3949 1900 4008 preces
1927 3928 2164 3995 Cassan
2209 3927 2298 3987 fa-

400 4029 604 4106 vitque
640 4025 939 4105 exemplo,
981 4025 1139 4103 quod
1185 4027 1277 4084 his
1317 4027 1499 4086 etiam
1540 4023 1850 4082 annalibus
1888 4023 1964 4084 ab
2007 4023 2301 4087 oblivione

402 4120 820 4183 vindicandum
863 4122 1215 4181 existimavi.
1300 4119 1570 4180 Additur
1605 4118 1767 4200 apud
1803 4117 2174 4199 Appianum,
2207 4139 2299 4178 so·-

406 4218 528 4278 lum
563 4218 745 4295 hujus
767 4217 917 4294 gesti
944 4216 1232 4296 reliquum
1272 4225 1592 4287 auctorem,
1621 4213 1682 4274 id
1709 4234 1816 4294 par
1841 4213 2158 4276 amicorum
2184 4235 2304 4276 una

537 4328 713 4391 Delph-
729 4332 775 4376 et
804 4327 919 4378 Ver.
941 4327 1071 4378 Clas.
1176 4319 1183 4324 ⁴
1386 4325 1569 4376 Livius.
2353 4331 2418 4378 1⁶
2449 4328 2494 4378 Τ
