3159 4959
891 482 1096 530 mum
1150 480 1487 530 CXXXIV.
1532 482 2182 533 SUPPLEMBNTUM.

405 620 655 681 timendi
679 622 871 693 erunt,
898 624 1151 683 inermis‘
1168 622 1321 683 alter
1350 639 1610 705 prorsus,·
1641 624 1795 685 alter'
1811 621 2016 706 'parva
2037 624 2286 686 militum

410 718 725 777 instructus
746 738 943 789 manu,
971 726 1032 778 et
1057 720 1401 799 plerumque
1426 722 1533 779 sub
1559 721 1751 779 oculis
1765 721 1880 779 tuis
1905 741 2103 800 agens.
2205 738 2228 771 -·

420 862 429 873 .
484 818 594 872 ⁴42.
639 824 656 849 ‘
680 812 777 871 De
818 816 1134 893 provinciis
1156 834 1345 894 porro
1392 816 1475 875 ita
1514 815 1986 875 constituendum
2033 818 2300 877 arbitror.

416 908 723 988 Quicquid
754 908 955 969 Italiae
985 911 1121 990 plus
1144 914 1375 971 centum
1404 911 1755 971 milliaribus
1781 913 1857 971 ab
1887 912 2058 973 Urbe
2085 913 2308 993 disjun-

412 1003 587 1081 gitur,
614 1014 987 1084 ceteramque
1012 1024 1243 1065 omnem
1272 1007 1501 1086 imperii
1522 1007 1762 1078 molem,
1779 1008 2102 1068 secundum
2121 1010 2310 1069 natio—

411 1120 514 1161 nes
536 1100 739 1160 divide
767 1102 825 1160 in
848 1101 1139 1179 ejusmodi
1166 1103 1511 1181 particulas,
1540 1105 1757 1183 quibus
1775 1105 1864 1163 vir
1889 1124 2039 1163 unus
2062 1124 2312 1186 praeesse

409 1196 717 1257 commode
742 1205 943 1275 queat.
1030 1196 1107 1257 In
1138 1217 1492 1278 unaquaque
1526 1200 1794 1278 portione
1833 1199 2312 1280 militum‚'quem

410 1292 689 1361 volueris„
742 1312 1041 1351 numerum
1094 1292 1347 1353 colloca.
1446 1293 1790 1353 Consularis
1832 1314 2000 1365 unuS,
2056 1294 2312 1374 praetorii

410 1386 531 1449 duo
544 1386 969 1468 praeficiantur.
1031 1387 1272 1448 Horum
1287 1390 1512 1468 junior,
1539 1399 1600 1449 et
1617 1399 1742 1448 tum
1769 1390 2021 1469 primum
2040 1393 2117 1450 ab
2143 1390 2311 1451 Urb'e

412 1482 491 1542 ad
518 1482 1117 1561 hujusmodi‘negotia
1141 1486 1369 1553 missus,
1398 1483 1692 1544 desideria
1710 1487 2069 1565 privatorum
2087 1487 2310 1555 audiat,

410 1578 696 1657 rebusque
730 1580 1071 1639 necessariis
1104 1579 1383 1659 parandis
1418 1590 1778 1659 occupetur:
1821 1580 1994 1651 alter,
2036 1583 2150 1641 hoc
2180 1586 2313 1661 jam

410 1672 603 1733 officio
648 1673 871 1733 alicubi
918 1673 1174 1745 functuri,
1210 1676 1984 1755 civitatumrempublicam
2015 1687 2309 1756 procuret,

410 1780 473 1829 et
502 1771 561 1829 in
588 1770 805 1829 milites
826 1779 1177 1851 potestatem
1216 1772 1519 1839 obtineat;
1564 1774 1832 1853 exceptis
1857 1774 2049 1833 causis
2074 1793 2151 1832 ex
2178 1774 2310 1854 qui-

409 1866 521 1925 bus
546 1866 849 1926 infamiam
876 1868 1139 1945 irrogari,
1178 1876 1283 1926 aut
1305 1876 1574 1937 mortem,
1601 1878 1890 1947 oporteat.
1975 1867 2142 1928 Nam
2169 1870 2313 1928 intas

412 1962 649 2042 quidem
700 1963 777 2022 ad
827 1964 1193 2022 consularem
1233 1962 1435 2022 referri
1479 1964 1824 2023 consultius
1841 1965 1973 2024 erit.
2059 1962 2165 2023 Ne
2206 1965 2312 2025 hus

410 2058 647 2138 quidem
692 2060 1019 2139 promiscue
1060 2058 1359 2119 consulari
1378 2058 1406 2087 ²
1446 2059 1796 2137 permiseris,
1883 2060 2310 2119 centurionum

411 2165 589 2234 atque
633 2155 783 2215 adeo
818 2157 997 2215 etiam
1040 2176 1116 2215 ex
1157 2153 1640 2235 provincialibus·
1664 2155 2057 2214 honestiorum
2109 2176 2310 2235 poenas

410 2252 519 2315 tibi
545 2272 815 2312 reserva:
858 2260 926 2311 ut
946 2252 1165 2311 nemini
1202 2260 1491 2332 praeterea'
1511 2270 1851 2310 concessum
1879 2252 1938 2309 in
1966 2272 2029 2310 se
2054 2254 2157 2330 jus
2181 2274 2307 2313 cer-

410 2356 635 2417 nentes,
664 2356 723 2405 te
754 2366 928 2405 unum
950 2356 1011 2406 et
1034 2346 1289 2424 diligant
1314 2356 1481 2407 tanto
1509 2347 1846 2427 impensiuS,
1873 2356 1936 2406 et
1960 2356 2243 2409 metuant.

488 2448 594 2501 43.
638 2451 654 2476 ‘
678 2442 963 2501 Ceterum
988 2462 1123 2522 quae
1162 2442 1235 2500 de
1272 2441 1594 2501 dividendo
1621 2444 1772 2501 inter
1796 2446 2096 2522 praetorios
2116 2443 2310 2504 officio

408 2537 717 2617 proposui,·
734 2538 807 2595 iis
834 2546 1061 2596 tautum
1090 2536 1237 2599 locis
1260 2546 1386 2596 esse
1412 2546 1543 2596 rata
1565 2538 1770 2607 velim,
1800 2539 1900 2597 ubi
1939 2559 2055 2597 non
2095 2559 2310 2616 magna

408 2633 585 2693 simul
626 2652 835 2692 manus
877 2632 1131 2691 militum
1172 2632 1231 2690 in
1265 2632 1543 2712 hybernis
1578 2634 1708 2692 erit.
1793 2632 1886 2693 At
1910 2636 1958 2693 si
1984 2633 2134 2693 forte
2173 2634 2306 2693 duae

410 2728 670 2807 legiones
701 2728 917 2802 civium
954 2748 1071 2788 una
1097 2728 1488 2797 habebuntur,
1518 2729 1744 2809 (plures
1763 2730 1935 2791 ,enim
1961 2730 2178 2788 nemini
2207 2731 2306 2788 urii

406 2824 817 2885 consularium·
850 2824 1215 2902 crediderim)
1261 2832 1387 2883 tum
1441 2844 1579 2884 vero
1628 2844 1750 2883 suae
1795 2827 2042 2904 quisque
2089 2825 2306 2904 legioni

408 2922 609 3001 praesit
636 2942 652 2989 3
682 2929 777 2979 'et
823 2930 1147 2980 ceterarum
1198 2940 1435 3000 quoque
1488 2940 1681 2980 rerum
1745 2921 2303 2983 administrationem

406 3036 483 3077 ex
520 3036 693 3095 oequo
722 3016 1067 3095 partiantur.
1153 3016 1260 3074 Ab
1288 3016 1427 3095 ipsis
1452 3026 1650 3075 autem
1685 3016 1764 3076 ad
1796 3017 2164 3078 consularem
2196 3020 2308 3079 erit

404 3112 773 3192 provocatio.
860 3110 1082 3190 Neque
1122 3112 1365 3170 miratus
1402 3110 1607 3181 fueris,
1663 3132 1770 3173 cur
1823 3113 2067 3173 Italiam
2111 3120 2200 3174 tot
2245 3116 2306 3174 in

407 3218 603 3289 partes
652 3205 1035 3267 dividendam
1086 3206 1441 3266 existimem.
1530 3207 1926 3287 Amplissima
1973 3210 2160 3286 regio,
2207 3230 2304 3268 ur-

406 3304 695 3382 bibusque
733 3311 795 3362 et
839 3302 1173 3362 hominibus
1212 3300 1448 3370 referta,
1492 3321 1596 3380 per
1632 3304 2172 3383 hos'magistratus‚
2201 3306 2304 3383 qui

407 3399 627 3461 Romae
664 3399 901 3477 degent,
938 3398 1193 3458 coerceri
1228 3397 1453 3478 nequit.
1540 3398 1837 3457 Convenit
1869 3400 2022 3459 enim
2051 3420 2303 3479 praesen-

406 3504 527 3555 tem
566 3515 714 3565 esse,
751 3494 1015 3574 quisquis
1052 3492 1223 3571 regit,
1262 3501 1330 3552 ut
1373 3512 1506 3572 quae
1552 3502 1786 3574 tempus
1828 3495 2108 3575 postulet,
2152 3516 2301 3576 prae-

406 3592 607 3671 cipiat.
692 3590 985 3649 Omnibus
1032 3597 1228 3649 autem
1274 3588 1387 3659 his,
1442 3609 1592 3668 quos
1642 3600 1815 3651 extra
1841 3590 2067 3650 Urbem
2105 3592 2301 3672 proefi-

406 3687 547 3755 cies,
575 3685 899 3745 mercedem
928 3684 1243 3743 constitues
1266 3704 1375 3763 pro
1400 3685 1577 3743 modo
1598 3685 1922 3764 dignitatis.
1981 3685 2120 3747 Nec
2147 3688 2301 3747 enim

406 3780 618 3859 degere
656 3800 895 3860 peregre
924 3800 1001 3841 ex
1044 3780 1164 3837 suis
1207 3778 1591 3839 facultatibus
1617 3790 1927 3860 poterunt:
1971 3802 2081 3842 nec
2107 3781 2300 3842 infini-

951 3966 983 4011 2
1017 3959 1259 4010 Pretorio
1282 3960 1401 4011 edd.
1424 3968 1545 4012 aute
1572 3964 1728 4016 Crev.

1174 4088 1540 4111 commeo„

402 4208 533 4257 -pere
572 4191 775 4241 illorum
804 4187 1199 4253 magistratuum
1226 4202 1317 4247 po·
1378 4190 1517 4242 xoris
1552 4190 1743 4237 nullam
1782 4192 1930 4240 aliam
1969 4208 1998 4241 a
2041 4194 2298 4258 quoquam

408 4267 588 4321 testas,
626 4257 713 4305 nbi
750 4250 993 4319 praefecti
1014 4252 1171 4302 Urbis
1206 4252 1317 4303 fini·
1384 4256 1964 4317 scriptorementionem
1979 4256 2297 4317 facturusue

409 4332 510 4373 tur.
549 4322 687 4370 Creu.
1386 4320 1632 4369 novimus.
1667 4320 1805 4372 Creu.

472 4395 509 4421 ¹·
526 4384 879 4453 Seremus-qm]
904 4381 1076 4446 Hujus
1098 4392 1313 4441 succen-

2466 466 2640 534 5789
