3159 4959
951 448 1158 499 nunu
1208 448 1490 499 cxxix.
1535 448 2181 501 sumnsmnnrum.
2502 436 2675 504 6649

463 598 580 649 tur.
663 589 784 649 Sed
831 597 954 649 tum
998 599 1266 651 extrema
1299 590 1635 671 desperatio
1678 592 1893 671 coegi&
1934 592 2029 651 his
2068 590 2351 672 depositis

461 686 756 756 oneribus,
781 704 856 747 ne
881 687 973 745 sui
1013 686 1250 765 quidem
1273 688 1402 747 ulla
1424 689 1556 766 jam
1583 688 1937 767 parsi-onia
1962 690 2021 747 in
2046 688 2241 748 hostes
2270 690 2345 747 ir-

461 800 746 861 rumpere.
829 781 976 843 Hoc
1021 783 1238 863 impetu
1281 784 1494 863 repulsi
1533 783 1892 864 Pompeiani
1918 783 2133 865 primos
2156 784 2353 843 aditus
2378 786 2591 853 Appias.

461 878 853 957 reliqueruntt
898 898 1008 937 nec
1037 878 1176 939 ideo
1199 879 1390 938 minus
1407 880 1544 939 alite
1565 879 1769 939 fauces
1794 880 1955 940 baud
1980 879 2184 960 procul
2214 878 2349 940 inde

457 973 954 1033 custodiebantur.
977 973 1220 1033 Idcirco
1235 992 1350 1033 non
1367 973 1570 1032 labore
1586 982 1809 1033 tantum
1822 974 2275 1054 vulneribusque
2290 983 2354 1036 et

454 1068 564 1128 siti·
577 1068 845 1137 affectos,
869 1068 974 1128 sed
1001 1070 1180 1128 etiam
1205 1068 1420 1127 frustra
1443 1070 1552 1127 niti
1575 1060 1969 1139 autumantes,
1994 1071 2099 1131 vix
2122 1070 2349 1129 excita·

455 1164 545 1223 vit
569 1162 946 1235 Cornificius,
967 1173 1199 1224 ostenso
1221 1164 1384 1223 fonte
1403 1165 1755 1244 propinquo,
1776 1172 1864 1235 ut,
1884 1165 2065 1225 semel
2085 1164 2352 1225 collectis

455 1260 697 1330 viribus,
725 1260 958 1318 unicam
986 1259 1194 1319 salutis
1225 1278 1386 1339 spem
1415 1260 1731 1339 pugnando
1754 1270 2143 1340 capesserent.
2227 1261 2349 1321 Sed

455 1352 599 1413 dum
627 1354 819 1413 multa
857 1374 1090 1414 suorum
1106 1358 1350 1433 jactura
1383 1374 1620 1414 manum
1644 1374 1781 1415 cum
1804 1357 2181 1435 pmsentibus
2208 1372 2349 1416 con-

456 1458 679 1520 serunt,
704 1448 924 1509 fontem
953 1450 1030 1509 ab
1057 1448 1178 1509 alio
1201 1449 1470 1530 praesidio
1483 1451 1737 1510 bostium
1756 1454 2035 1532 occupari
2050 1452 2349 1513 viderunt.

459 1578 472 1595 ·
541 1551 638 1604 19.
679 1544 834 1607 Tum
869 1566 1012 1605 vero
1051 1546 1284 1625 penitus
1315 1546 1502 1606 omnis
1544 1544 1797 1605 defluxit
1841 1548 2181 1627 corporibus
2221 1550 2349 1608 ani·

454 1641 680 1720 :nisque
717 1642 912 1719 vigore
953 1650 1364 1721 torpentesque
1397 1640 1749 1720 fatigatione
1774 1650 1839 1701 et
1862 1642 2068 1714 taedio,
2096 1644 2257 1722 quod
2284 1645 2345 1705 in
2463 1708 2471 1717 ‚

453 1734 592 1815 ipsis
614 1744 764 1806 erat,
792 1736 1119 1815 perierant3
1163 1756 1298 1796 cum
1333 1736 1562 1797 eminus
1598 1746 1919 1817 conspecta
1956 1739 2123 1815 signa
2158 1738 2347 1816 legio·

453 1848 616 1901 num,
641 1830 826 1891 dubia
852 1830 1125 1911 primum,
1151 1850 1290 1897 mox
1333 1832 1434 1891 ubi
1460 1833 1735 1911 cognosci
1760 1842 2026 1913 potuere,
2052 1842 2217 1892 certa
2240 1854 2345 1914 spe

451 1922 790 1987 deficientes
825 1934 1159 1988 erexerunt.
1242 1926 1528 1986 Laronius
1567 1936 1699 1987 erat
1736 1927 1815 1986 ab
1840 1926 2119 2008 Agrippa
2144 1929 2347 1989 missus

451 2038 588 2080 cum
612 2022 802 2082 tribus
825 2023 1154 2101 legionibus
1177 2032 1241 2084 et
1263 2022 1578 2093 frumento,
1606 2024 1779 2099 cujus
1798 2042 1969 2100 egere
1996 2021 2345 2083 Cornificia—
2400 2032 2498 2082 Dio
2520 2034 2591 2087 et!

453 2126 558 2175 nos
579 2118 826 2177 sciebat.
908 2118 1075 2179 Nam
1099 2118 1398 2197 Agrippa,
1417 2116 1851 2177 Democharem
1872 2117 1994 2177 alio
2016 2118 2341 2198 profectum
2368 2096 2579 2163 APP⁵⁸¹¹⁶

448 2214 725 2285 mtiens,
749 2211 1154 2294 Tyndaridem
1199 2222 1464 2293 ceperat,
1503 2212 1781 2273 refertam
1813 2214 2019 2293 copiis,
2044 2222 2108 2273 et
2128 2212 2368 2294 oppon-¹

449 2314 596 2367 tuno
639 2308 720 2367 ad
769 2326 932 2369 mare
981 2308 1119 2367 situ.
1223 2306 1460 2370 Idcirco
1509 2307 1843 2387 Pompeius
1894 2308 2085 2387 ipsum
2137 2308 2343 2371 adesso

450 2402 788 2482 Agrippam
813 2402 1179 2474 existimans,
1217 2410 1384 2463 tanta
1419 2401 1722 2462 celeritate
1762 2402 2049 2475 discessit,
2078 2413 2146 2462 ut
2164 2402 2341 2465 etiam
2366 2421 2485 2474 Dio,

448 2512 584 2578 pars
608 2496 1156 2579 impedimentorum
1197 2501 1257 2557 in
1293 2500 1502 2558 castris
1536 2499 1978 2577 relinqueretur.
2060 2499 2157 2559 At
2192 2500 2343 2561 Gor·
2365 2518 2579 2584 ,2pr⁰,

445 2590 708 2653 aifioiani
735 2593 954 2653 milites
977 2594 1137 2653 fonte
1161 2595 1354 2673 potiti,
1376 2610 1717 2673 quanquam
1740 2594 2110 2655 monentibus
2132 2594 2209 2653 de
2236 2616 2339 2676 pe-

447 2688 634 2749 riculo
673 2689 944 2762 ducibus,
989 2688 1142 2748 adeo
1190 2690 1468 2749 biberunt
1511 2690 1988 2769 intemperanter,
2036 2700 2103 2749 ut
2144 2692 2339 2765 multi',

447 2784 734 2865 proecluw
766 2784 998 2865 spiritu,
1025 2786 1176 2844 inter
1213 2784 1602 2845 hauriendum
1638 2784 2135 2845 exani-arentur.
2218 2786 2339 2849 Ce-

445 2888 600 2940 teros
644 2879 723 2939 ad
763 2878 1055 2960 Agrippoe
1099 2888 1294 2940 castra
1341 2880 1653 2960 perductos
1692 2882 2111 2959 superveniens
2158 2884 2341 2963 paulo

447 2985 579 3055 post
619 2976 824 3037 nasot
868 2974 1140 3035 laudavit
1179 2974 1542 3054 donavitque
1586 2996 1681 3036 ex·
1706 2976 1949 3036 meritoz
2010 2978 2131 3037 vim
2179 2980 2334 3038 enim
2360 2998 2474 3047 Dio.

445 3074 765 3133 maximam
791 3091 906 3131 non
933 3072 1184 3131 hostium
1211 3070 1410 3143 modo,
1427 3072 1556 3142 sed,
1583 3090 1719 3151 qum
1734 3080 1871 3131 sunt
1890 3072 2223 3133 bominibus
2244 3077 2335 3134 in-

445 3166 800 3238 tolerabilia,
827 3166 1068 3237 famem,
1087 3166 1266 3238 sitim,
1293 3176 1501 3225 oestum
1521 3168 1937 3226 sustinuerant.
1982 3168 2337 3229 Cornificius

442 3262 683 3341 quidem
709 3271 936 3323 tantum
961 3262 1072 3321 sibi
1097 3262 1341 3327 solvatis
1365 3262 1526 3322 hisce
1563 3262 1759 3342 copiis
1782 3262 2008 3330 tribuit,
2036 3271 2103 3321 ut
2128 3273 2335 3343 postea

445 3356 685 3432 Romae,
703 3360 942 3439 quoties
965 3380 1002 3421 a
1031 3378 1198 3420 omna
1239 3358 1456 3422 rediret
1487 3358 1751 3429 domum,
1778 3356 2095 3437 elephanto
2130 3369 2333 3421 vecta-

443 3462 626 3515 retur.

453 3562 494 3603 '·
519 3556 622 3610 20.
667 3549 906 3611 Interea
963 3549 1168 3615 emar
1223 3550 1518 3627 ingentem
1568 3551 1893 3609 exercitum
1947 3552 2031 3609 in·
2054 3548 2333 3613 Siciliam
2356 3572 2566 3640 Appiae.

439 3644 873 3718 transduxerat,
901 3646 1161 3725 legiones
1185 3664 1362 3705 unam
1387 3653 1450 3705 et
1472 3645 1703 3723 viginti,
1735 3646 1947 3705 leviter
1974 3658 2327 3709 armatorum

439 3732 638 3821 plnres
660 3744 918 3823 quinque
945 3742 1223 3813 millibus,
1243 3742 1506 3821 equitum
1524 3742 1753 3819 viginti.
1836 3742 2117 3803 Ceterum
2138 3752 2330 3804 totum

439 3836 623 3898 {brine
649 3838 812 3900 littus
837 3839 1212 3918 Pompeiana
1227 3838 1502 3918 praesidia
1519 3838 1825 3908 tenebant,
1843 3840 2151 3899 continuos
2166 3841 2331 3919 ignes

440 3932 684 4007 alentia,
711 3944 778 3995 ut
801 3942 964 3994 metu
1001 3932 1258 3993 incendii
1299 3952 1480 3993 naves
1512 3931 1825 4013 Agrippae,
1852 3953 2027 4012 quem
2070 3937 2329 3995 maxime

439 4028 747 4102 timebant,
791 4031 1170 4094 deterrerent.
1249 4027 1780 4089 Tauromenitanae
1823 4048 2058 4108 quoque
2102 4030 2333 4101 fauces,

437 4132 501 4184 et
536 4146 672 4206 quae
715 4127 792 4187 ad
821 4126 1028 4206 Mylas
1059 4133 1217 4196 sunt,
1246 4123 1572 4203 Pompeius
1596 4131 1947 4203 occuparatz
1992 4134 2327 4186 montanos-

437 4236 554 4299 que
575 4222 785 4295 calles,
811 4222 988 4285 muris
1010 4208 1258 4293 eductis,
1283 4218 1677 4301 praeluserat.
1763 4218 1973 4281 Sed-et
1996 4221 2325 4303 profectum
