3159 4959
591 392 772 461 5642
1049 482 1051 485 Α
1306 446 1317 456 .
1545 408 1618 457 r.
1660 408 1837 459 mvn

921 572 1056 613 suos
1092 550 1410 623 distribuit,
1437 558 1506 611 ut
1529 550 1939 631 promtioribm
1962 549 2043 611 ad
2066 549 2265 609 omnia
2287 554 2567 609 uteretur.
2653 544 2815 629 Ergo

921 655 1156 709 centum
1175 648 1480 725 octoginta
1503 655 1566 707 et
1590 656 1815 728 septem
1840 664 2113 728 passuum
2136 645 2397 705 millibus
2413 647 2439 683 ὓ
2472 644 2653 705 tridui
2678 665 2815 725 spa-
2848 648 2851 651 ’

921 743 1008 803 tio
1031 743 1384 821 eremigatis,
1411 742 1847 823 impressionem
1876 744 1934 803 in
1959 762 2141 803 naves
2180 740 2433 801 Caesaris
2468 760 2625 819 saepe
2648 739 2813 810 fecit,

922 838 1001 897 ad
1028 837 1248 899 tuenda
1274 838 1429 909 loca,
1473 838 1577 897 ubi
1606 857 1775 898 novae
1816 837 1951 897 aliae
1989 836 2447 908 fabricabantur,
2482 835 2812 915 dispositas.

924 934 1026 994 Ex
1053 933 1143 993 his
1166 932 1335 993 binas
1359 942 1631 993 ternasve
1654 932 1903 993 subinde
1944 932 2260 1013 abripiens,
2290 930 2478 991 simul
2516 931 2813 993 onerarias

921 1030 983 1089 in
1007 1028 1357 1089 stationibus
1382 1029 1615 1113 inpursu
1642 1028 2013 1108 intercipiens
2051 1035 2159 1088 aut
2194 1046 2587 1107 corrumpens,
2613 1026 2815 1087 omnia

919 1126 1152 1206 pavoris
1173 1134 1354 1205 atque
1375 1124 1862 1187 consternationis
1886 1122 2185 1205 implebat.
2254 1121 2403 1183 Non
2426 1122 2578 1181 enim
2604 1120 2813 1181 Cesar

920 1221 1122 1293 modo,
1166 1220 1274 1283 sed
1317 1221 1494 1281 etiam
1536 1220 1812 1301 Agrippa
1856 1218 2123 1299 petendae
2156 1220 2417 1279 materiae
2454 1237 2636 1279 causa
2682 1226 2812 1278 tum

921 1318 1146 1377 aberat.
1229 1316 1492 1396 Quoque
1537 1318 1654 1393 maj
1662 1337 1729 1375 us
1768 1315 2033 1375 audaciae
2062 1315 2237 1376 simul
2262 1324 2324 1376 et
2348 1318 2491 1375 artis
2512 1314 2809 1395 specimen

919 1410 1142 1481 ederet,
1170 1408 1492 1490 aliquando
1519 1431 1669 1471 nave
1697 1411 1756 1469 in
1784 1411 2016 1471 mollius
2057 1409 2244 1471 solum
2284 1419 2493 1489 sponte
2534 1410 2811 1489 impacta,

921 1506 982 1565 in
1009 1505 1132 1565 luto
1157 1526 1220 1565 se
1247 1506 1546 1565 obhaerere
1571 1504 1871 1565 simulavit
1879 1526 1895 1574 ;
1939 1505 2129 1567 donec
2160 1505 2623 1575 decurrentibus,
2648 1503 2814 1565 velut

919 1599 998 1661 ad
1047 1610 1267 1661 certam
1317 1599 1600 1680 praedam,
1652 1600 1939 1671 hostibus,
1999 1600 2317 1663 inhibendo
2366 1620 2432 1660 se
2481 1598 2809 1681 expedivit,

919 1694 1182 1774 abiitque
1208 1714 1343 1754 cum
1369 1695 1578 1775 plausu
1620 1704 1682 1755 et
1716 1694 2039 1769 cachinnis,
2068 1716 2184 1757 non
2208 1697 2335 1755 sine
2360 1706 2598 1776 stupore
2622 1703 2685 1755 et
2705 1713 2807 1753 ve-

921 1790 1203 1852 recundia
1229 1790 1721 1851 Caesarianorum.

998 1893 1060 1948 3.
1103 1885 1228 1947 Sed
1276 1886 1378 1946 ubi
1427 1896 1723 1947 maturum
1771 1907 1895 1947 esse
1943 1886 2195 1968 putavit,
2240 1884 2478 1945 dimisso
2520 1894 2809 1957 senatore,

918 2001 1095 2061 quem
1132 1991 1394 2061 ceperat,
1442 1982 1691 2053 Rebilo,
1732 1982 2070 2063 praestruxit
2112 1981 2191 2040 ad
2244 2000 2459 2041 novum
2500 1980 2809 2041 consilium

628 2080 690 2131 Ci
691 2095 738 2131 ο.
765 2080 829 2129 td
918 2077 1096 2137 viam.
1198 2076 1432 2137 Deinde
1477 2086 1841 2139 commentus
1883 2076 2043 2157 apud
2084 2096 2245 2147 suos,
2294 2075 2593 2135 Mindium
2640 2076 2807 2135 Mar·-

595 2144 732 2259 ἔξω
768 2160 839 2193 Π
843 2171 1155 2244 cellum,
1180 2174 1314 2251 jam
1351 2192 1388 2231 a
1423 2182 1685 2283 tempore
1720 2172 2024 2233 dictatoris
2060 2170 2415 2231 familiarem
2451 2170 2807 2243 Cesaribus,

594 2271 807 2337 Appian.
919 2268 996 2333 ad
1039 2288 1104 2329 se
1144 2267 1543 2340 transiturum,
1581 2269 1755 2348 cujus
1798 2288 1981 2359 nuper
2024 2267 2346 2327 amicitiam
2392 2266 2609 2327 Romae
2648 2286 2807 2329 com-

916 2371 1262 2443 paraveratz
1305 2361 1430 2423 sine
1459 2363 1791 2443 suspicione
1830 2383 1964 2424 cum
1998 2382 2071 2422 eo
2108 2364 2167 2423 in
2208 2360 2464 2442 quadam
2501 2382 2685 2443 parva
2716 2362 2805 2421 in-

914 2459 1046 2519 sula
1082 2478 1442 2536 congressus,
1477 2466 1737 2517 mentem
1776 2478 1943 2519 suam
1977 2459 2227 2537 aperuit,
2264 2466 2282 2493 ‘
2304 2478 2367 2517 se
2408 2466 2681 2519 coactum
2718 2456 2807 2516 in·

907 2553 1086 2631 juriis
1134 2552 1410 2620 Calvisii,
1453 2572 1602 2629 quas
1646 2554 1769 2631 pati
1815 2573 1933 2611 non
1976 2554 2279 2632 potuisset,
2326 2552 2405 2612 ad
2448 2552 2809 2633 Pompeium

915 2646 1217 2725 refugisse.
1297 2644 1484 2705 Nunc
1521 2654 1717 2705 amoto
1749 2645 2038 2720 Calvisio,
2076 2648 2223 2707 nihil
2261 2648 2492 2707 obstare
2532 2647 2677 2727 quin
2714 2668 2807 2707 re·

913 2739 1056 2800 deat
1089 2740 1166 2799 ad
1204 2739 1502 2799 Gaesarem
1537 2760 1653 2800 non
1682 2740 1835 2801 male
1860 2741 1937 2801 de
1960 2762 2022 2801 se
2051 2742 2354 2811 meritum;
2398 2740 2572 2803 modo
2596 2740 2745 2803 fides
2768 2763 2809 2819 a

919 2834 1012 2895 M.
1051 2835 1338 2897 Messalla
1377 2836 1587 2898 detur!
1670 2834 1839 2897 Nam
1880 2838 1977 2898 hic
2008 2857 2113 2917 per
2150 2838 2479 2899 absentiam
2516 2837 2807 2919 Agrippae

913 2930 1086 2991 classi
1135 2940 1405 3012 praeerat.
1515 2930 1583 2993 N
1586 2951 1657 2993 ec
1706 2932 1811 2994 diu
1862 2932 2159 2994 dubitavit
2212 2933 2525 3007 Messalla,
2581 2933 2806 2995 Caesari

912 3036 1144 3105 gratum
1182 3046 1244 3085 se
1285 3025 1576 3088 facturum
1619 3026 1953 3087 admonitus
1986 3036 2094 3087 aut
2126 3030 2467 3108 conjiciens.

995 3128 1057 3183 4.
1109 3120 1270 3203 Ergo
1313 3122 1414 3183 ubi
1457 3142 1594 3182 cum
1640 3122 1871 3202 aliquot
1914 3124 2247 3185 triremibus
2294 3124 2567 3187 Mindius
2612 3125 2803 3195 affuit.

593 3210 890 3327 2¹⁰·ia01'02·
915 3224 1199 3297 tanquam
1249 3236 1290 3278 a
1335 3215 1591 3279 caesaria
1642 3220 1907 3298 partibus
1956 3220 2260 3292 transiens,
2312 3219 2594 3301 adjunxit
2641 3222 2697 3295 ei
2740 3240 2803 3281 se

641 3290 674 3340 p
677 3292 724 3340 p
913 3312 1196 3392 proditor,
1241 3322 1304 3374 et
1335 3334 1472 3375 suos
1514 3314 1727 3393 partim
1769 3315 2054 3385 volentes,
2098 3314 2247 3375 alios
2288 3335 2611 3395 repugnare
2654 3314 2803 3375 vali-

913 3406 1063 3467 diori
1107 3428 1223 3468 non
1268 3428 1461 3478 ausos,
1507 3409 1859 3471 transduxit.
1946 3412 2277 3493 Postquam
2322 3413 2383 3471 in
2426 3420 2803 3492 conspectum

915 3501 1167 3573 Caesaris
1202 3502 1482 3565 admissus
1519 3513 1632 3575 est,
1658 3504 1734 3565 ad
1770 3526 1960 3585 genua
1990 3507 2300 3587 procidens
2334 3508 2525 3568 oravit
2548 3510 2800 3584 veniam,

903 3598 1058 3673 ,nihil
1102 3619 1408 3662 excusans.
1491 3599 1578 3663 Et
1617 3621 1749 3661 eam
1794 3603 2035 3683 quidem
2074 3603 2233 3665 haud
2271 3605 2561 3682 gravatim
2600 3605 2803 3679 tribuit

915 3693 1150 3755 Caesar:
1193 3704 1446 3756 ceterum
1473 3698 1705 3775 ingenio
1731 3706 1853 3758 tam
1880 3699 2149 3760 mutabili
2173 3700 2320 3759 nihil
2341 3708 2543 3780 postea
2562 3702 2801 3779 majoris

911 3790 996 3852 rei
1031 3790 1300 3865 credidit,
1325 3791 1607 3873 deditque
1632 3794 1924 3885 negotium
1948 3796 2123 3857 certis
2150 3796 2503 3868 hominibus,
2528 3795 2799 3873 dissimuv

975 4038 1000 4073 δ
1035 4041 1130 4089 Cen
1135 4046 1300 4090 tamo
1272 4044 1514 4104 octoginta
1553 4048 1604 4091 et
1645 4046 1825 4107 septem
1874 4044 2045 4095 dicule
2083 4045 2162 4111 pri
2148 4060 2279 4094 nores
2319 4044 2577 4096 editiones
2620 4044 2797 4095 Frein-

905 4118 967 4165 po
969 4118 1124 4153 uuum
1145 4104 1371 4170 millibus]
1403 4106 1592 4155 Leucis
1626 4116 1824 4157 nostra-
1875 4110 2072 4171 sliemii,
2095 4110 2427 4176 duodeviginti
2448 4122 2667 4175 pamm
2688 4108 2797 4159 nil·

911 4166 1006 4215 tib:
1005 4172 1148 4218 1⁸.ssss
1193 4168 1464 4233 Appianas
1483 4171 1831 4222 Groecameu·
1880 4174 2018 4225 lim
2058 4174 2214 4227 crev.

911 4244 1030 4279 sura
1065 4234 1299 4283 enuntiat
1335 4234 1508 4285 stadia
1542 4240 1687 4287 150⁰.
1740 4238 1830 4287 Ri-
