3159 4959
1515 372 1588 422 ⁰1⁸.
1638 371 1825 419 mvn

892 512 1154 583 reddere,
1197 530 1375 591 quam
1417 512 1673 572 tribuere
1716 510 2069 571 beneficium
2113 511 2465 572 videbatur:
2508 521 2571 573 at
2612 514 2787 575 miles

891 630 1001 671 sua
1025 610 1143 671 sibi
1183 609 1318 669 tolli
1345 610 1860 689 interpretabatur,
1897 610 1947 667 si
1994 610 2275 690 promissa
2302 608 2527 669 tardius
2556 619 2661 670 aut
2684 632 2795 673 an.-

895 708 1120 785 gustius
1163 708 1576 787 expectatione
1614 726 1724 767 sua
1768 714 2191 786 praestarentur.
2278 705 2462 773 Quod
2498 708 2547 766 si
2586 707 2795 769 militis

895 802 1226 881 adjuvabat
1251 802 1619 874 aviditatem,
1656 822 1845 882 neque
1872 803 1967 863 bic
1994 803 2211 863 debere
2239 805 2491 883 putabat
2518 804 2792 881 gratiam,

885 900 1242 981 promissum
1271 900 1575 967 auferens:
1618 909 1683 960 et
1704 908 1941 959 senator
1963 920 2026 958 se
2052 900 2291 979 spoliari
2316 920 2391 959 ne
2418 902 2635 960 tacitus
2655 903 2791 981 qui-

895 996 1036 1055 dem
1075 995 1337 1055 dolebat.
1423 995 1637 1067 ‚Plane
1654 1034 1661 1045 ·
1681 996 1925 1056 videbat
1967 997 2173 1056 Caesar
2218 997 2371 1056 banc
2416 1016 2540 1055 esse
2584 997 2793 1058 condi-

895 1094 1117 1152 tionem
1159 1090 1506 1173 imperandi,
1545 1100 1613 1151 ut
1650 1092 1827 1151 armis
1850 1092 2099 1171 opprimi
2134 1090 2373 1170 quidem
2408 1092 2793 1172 exscindique

897 1186 1134 1267 quidvis
1183 1197 1426 1270 posset:
1491 1186 1905 1247 benevolentia
1955 1208 2071 1247 non
2120 1189 2233 1247 nisi
2282 1186 2587 1247 beneficiis
2630 1208 2792 1249 com-

897 1284 1112 1363 parari.
1197 1284 1358 1363 Ergo
1385 1284 1524 1343 licet
1547 1283 1767 1343 invitus
1786 1302 1861 1342 eo
1884 1282 2166 1354 deflexit,
2188 1292 2257 1342 ut
2278 1292 2611 1343 senatorum
2636 1286 2796 1363 agris

898 1382 1138 1440 omnino
1177 1382 1514 1451 abstineret,
1556 1389 1955 1460 praetoresque
1997 1379 2296 1440 dotalibus
2338 1378 2690 1441 mulierum:
2730 1390 2798 1443 et

899 1476 983 1538 ad
1005 1476 1318 1537 levandam
1343 1494 1665 1557 pauperum
1702 1476 1959 1555 inopiam
1986 1476 2341 1554 relinqueret
2372 1475 2579 1545 etiam,
2620 1486 2795 1555 quot-

901 1581 1048 1651 quot
1087 1574 1336 1633 minores
1371 1582 1538 1633 erant
1575 1592 1649 1632 eo
1672 1571 1871 1643 modo,
1900 1572 2001 1651 qui
2028 1571 2340 1651 promissus
2372 1571 2593 1631 viritim
2618 1571 2795 1631 militi

901 1666 1116 1727 fuerat.

987 1772 1083 1825 16.
1131 1764 1276 1825 Hoc
1297 1766 1609 1825 consilium
1646 1784 1747 1825 eos
1780 1772 1937 1825 certe
1976 1758 2214 1824 induxit
2249 1764 2462 1841 quibus
2498 1762 2795 1844 proderat,

902 1870 970 1921 ut
1003 1861 1298 1924 honestius
1331 1862 1410 1921 de
1439 1861 1679 1921 Oaesare
1720 1860 2037 1919 sentirent:
2080 1858 2186 1919 sed
2220 1868 2527 1919 veteranos
2546 1880 2797 1921 exacer-

903 1958 1074 2019 bavit
1099 1958 1464 2030 immensum,
1497 1978 1570 2018 ea
1594 1957 1918 2038 cupiditate
1944 1956 2230 2026 homiues,
2264 1964 2331 2014 ut
2356 1956 2468 2015 sibi
2492 1956 2795 2021 ademtam

641 2089 670 2120 v
787 2073 804 2122 i
901 2054 1204 2115 crederent
1241 2054 1526 2135 quicquid
1557 2056 1835 2134 cuiquam
1882 2052 2323 2131 relinqueretur.
2410 2051 2562 2111 Inde
2586 2072 2801 2131 graves

901 2170 1060 2231 saepe
1105 2161 1318 2222 motus,
1369 2162 1434 2211 et
1475 2153 1534 2210 in
1583 2152 1775 2231 ipsum
1814 2151 2117 2209 intentatae
2163 2148 2553 2228 periculorum
2598 2150 2792 2210 miuae.

777 2273 828 2308 n.
903 2246 1082 2307 Certe
1107 2268 1245 2307 cum
1273 2249 1332 2307 iu
1361 2248 1590 2307 theatro
1614 2245 1863 2306 militem
1904 2244 2055 2303 forte
2090 2243 2393 2303 sedentem
2430 2244 2489 2302 in
2514 2254 2796 2323 quatuor.

797 2338 876 2437 {³¹¹⁶
901 2342 1096 2403 decim
1141 2344 1389 2403 excitari
1424 2344 1736 2422 jussissetz
1800 2349 2119 2401 exeuntem
2164 2340 2548 2399 circumstetit
2601 2341 2796 2411 turba,

903 2438 1364 2497 commilitonem
1399 2440 1477 2496 ab
1515 2458 1589 2496 eo
1612 2444 1902 2515 repetens,
1936 2456 2115 2515 quem
2146 2436 2549 2495 excruciatum
2584 2438 2799 2515 pen-isse

905 2532 1182 2594 malevoli
1207 2540 1556 2614 sparserant.
1642 2532 1727 2591 Et
1766 2552 1919 2609 aegre
1958 2531 2125 2591 leniti
2169 2551 2305 2591 cum
2346 2531 2451 2590 ille
2488 2532 2800 2593 incolumis

903 2630 1346 2708 comparuisset,
1373 2648 1406 2687 e
1427 2648 1661 2687 carcere
1682 2627 2031 2708 productum
2054 2625 2527 2687 contendebant:
2570 2637 2633 2687 et
2656 2629 2800 2689 ims-

903 2725 1188 2784 oebantur
1213 2724 1476 2802 neganti,
1503 2722 1859 2803 proditorem
1884 2722 2325 2804 appellitantes,
2366 2732 2427 2781 et
2462 2723 2519 2781 in
2548 2725 2797 2800 gratiam

907 2819 1162 2880 Caesaris
1175 2820 1328 2881 falsa
1341 2819 1705 2880 referentem.
1763 2820 1859 2879 Eo
1863 2822 1997 2899 jam
2012 2820 2099 2879 i-ra
2118 2830 2496 2900 processerat,
2512 2829 2579 2879 ut
2596 2840 2797 2881 verum

909 2914 972 2975 id
999 2916 1220 2976 factum
1243 2936 1393 2987 esse,
1419 2932 1597 2995 quam
1620 2916 1737 2975 sibi
1772 2914 1974 2976 deesse
2012 2934 2253 2976 causam
2276 2914 2626 2976 occidendi
2612 2936 2797 2995 impe-

835 3024 840 3029 ·
909 3013 1138 3083 ratoris,
1165 3013 1430 3073 mallent.

588 3383 802 3446 Appian.

997 3114 1091 3167 16.
1123 3108 1342 3189 Neque
1369 3108 1725 3169 modestior·
1710 3125 1768 3166 in
1798 3105 2033 3187 Campo
2060 3126 2239 3187 quam
2266 3106 2327 3166 in
2352 3106 2585 3167 theatro
2605 3106 2796 3179 miles,

910 3222 1044 3263 eum
1071 3204 1148 3264 ad
1175 3205 1518 3266 divisionem
1545 3222 1817 3282 agrorum
1834 3203 2089 3283 opperiri
2104 3204 2333 3281 jussum
2352 3201 2579 3262 tardius
2595 3201 2801 3264 Cesar

911 3300 1244 3370 accederet,
1263 3300 1606 3359 tumultuari
1624 3300 1831 3378 coepit·
1816 3344 1831 3357 .
1858 3308 2307 3379 morientemque
2328 3298 2599 3359 Nonium
2614 3320 2798 3379 quen-

909 3396 1050 3456 dam
1069 3397 1491 3465 centurionem,
1518 3406 1535 3434 ‘
1559 3394 1885 3456 valetudini
1904 3396 2099 3475 potius
2114 3394 2479 3475 imperatoris
2502 3395 2655 3455 banc
2674 3416 2799 3456 eme

913 3512 1136 3553 moram
1163 3492 1592 3562 ascribendam,
1620 3511 1799 3572 quam
1824 3492 2143 3552 contemtui
2170 3488 2463 3563 militum,’
2497 3512 2603 3571 pro
2628 3490 2798 3551 adul-

911 3600 1060 3659 tore,
1113 3598 1176 3649 et
1219 3590 1513 3668 mancipio
1553 3588 1833 3658 Caesaris,
1886 3588 2253 3668 proscindere
2294 3589 2599 3659 conviciis,
2658 3580 2799 3649 mox'

913 3694 1090 3745 aucta
1127 3686 1280 3743 inter
1293 3684 1554 3763 jurgium
1590 3685 1700 3755 ira,
1743 3691 1944 3764 petere
1982 3684 2143 3743 saxis
2175 3693 2497 3763 coeperunt.
2580 3682 2801 3765 Neque

913 3790 1016 3841 aut
1041 3780 1376 3841 innocentia
1391 3800 1499 3839 sua
1522 3780 1768 3852 homini,
1810 3788 1915 3841 aut
1938 3778 2079 3857 fuga
2102 3779 2379 3860 praesidio
2404 3779 2539 3852 fuit,
2576 3800 2711 3842 cum
2736 3800 2799 3839 se

915 3880 972 3939 in
1001 3898 1232 3937 amnem
1253 3878 1623 3956 conjecisset,
1650 3878 1793 3958 quin
1812 3886 2111 3937 extractus
2132 3878 2208 3935 ab
2230 3878 2401 3956 aquis
2418 3886 2800 3956 necatusque,

915 3975 1068 4047 loco,
1107 3976 1208 4034 ubi
1249 3975 1667 4035 transeundum
1704 3984 1833 4034 erat
1868 3974 2125 4035 venienti
2170 3972 2393 4033 Caesari
2429 3974 2801 4053 abjiceretur.

917 4068 1110 4145 Igitur
1147 4070 1314 4130 illum
1355 4072 1530 4131 amici
1555 4090 1812 4143 monere,
1840 4072 2066 4140 testari,
2102 4089 2175 4130 ne
2212 4090 2273 4129 se
2310 4069 2521 4130 offerat
2558 4072 2803 4131 saevien·

911 4164 1090 4228 tibus.
1158 4166 1250 4225 At
1273 4187 1346 4227 eo
1372 4187 1462 4226 res
1485 4176 1614 4227 erat
1638 4167 1943 4247 perducta,
1979 4175 2045 4227 ut
2082 4167 2411 4227 constantia
2434 4165 2802 4227 retinendum
