3159 4959
1300 407 1550 456 ranem
1568 406 1788 456 rma-A.
2453 394 2620 459 6911

434 553 731 616 minibus
761 552 967 629 elisis,
997 571 1152 615 cum
1182 552 1458 617 telorum
1482 552 1670 636 jactu
1702 552 2019 636 perforari
2051 554 2375 638 nequiret,
2405 554 2491 617 ad
2525 555 2622 619 ul-

433 654 667 717 timum
710 653 1102 717 balistarum
1148 654 1489 717 tormentis
1520 654 1818 738 undique
1850 656 2156 737 petitam,
2187 657 2451 719 silicum
2483 675 2618 720 cre-

434 755 575 818 bris
622 760 687 819 et
726 756 1123 838 ponderosis
1154 756 1539 819 verberibus
1568 759 2042 840 procubuisse,
2073 758 2520 842 omnibusque
2554 764 2626 822 et

433 856 817 920 cohortibus
860 866 928 920 et
975 857 1355 938 legionibus
1405 859 1560 941 ipsa
1605 856 2003 941 Cartbagine
2053 860 2264 921 visam
2317 859 2621 923 terribili-

432 977 629 1024 orem.
714 958 937 1043 Atque
982 960 1187 1023 etiam
1234 978 1465 1024 cruore
1496 979 1620 1024 suo
1650 961 2016 1042 gurgitibus
2045 960 2346 1036 imbutis,
2381 979 2624 1042 corpo-

428 1060 653 1142 risque
687 1060 981 1143 jacentis
1014 1060 1329 1143 pestifero
1358 1060 1588 1127 afflatu
1621 1063 1842 1127 vicina
1869 1062 2135 1143 regione
2165 1061 2448 1144 polluta,
2483 1058 2622 1124 Ro-

428 1179 627 1225 mana
654 1162 809 1224 inde
838 1162 1281 1227 summovisse
1312 1168 1552 1227 castra.
1640 1163 1834 1227 Dicit
1863 1164 2106 1227 belluae
2134 1162 2334 1227 etiam
2361 1163 2622 1227 corium

430 1271 701 1325 centum
734 1264 964 1345 viginti
994 1264 1207 1346 pedes
1237 1264 1506 1346 longum
1537 1266 1606 1330 in
1637 1264 1887 1331 Urbem
1917 1266 2212 1330 missum.

514 1358 720 1421 Valet.
752 1362 927 1421 Max.
960 1379 1004 1423 1.
1032 1371 1091 1423 8.
1118 1372 1239 1423 ext.
1274 1371 1367 1423 19.

1258 1562 1362 1610 An
1412 1562 1561 1611 [AB.
1612 1562 1785 1610 ΧΙΧ.

516 1693 721 1757 Tertii
763 1694 905 1759 ludi
956 1696 1313 1760 saeculares
1345 1695 1630 1772 fuerunt,
1664 1698 1936 1760 Antiate
1966 1695 2300 1779 Livioque
2332 1696 2621 1760 auctori-

426 1797 578 1872 buS,
612 1794 692 1857 P.
725 1795 1011 1860 Claudio
1044 1796 1331 1861 Pulchro
1363 1804 1431 1860 et
1460 1796 1540 1861 C.
1569 1796 1616 1861 J
1623 1798 1774 1861 unio
1803 1797 2006 1862 Pullo
2038 1798 2448 1862 consulibus.

508 1894 811 1954 Censorin.
838 1895 915 1956 (le
944 1894 1064 1955 Die
1090 1894 1245 1956 Nat.
1272 1916 1327 1955 c.
1361 1902 1453 1959 17.
1502 1896 1602 1956 cf.
1633 1897 1902 1957 Freinsh.
1947 1896 2160 1977 Suppl.
2192 1913 2343 1956 xrx.
2375 1905 2474 1956 31.

513 1990 638 2055 Est
678 1992 747 2056 in
792 1992 1009 2070 Livio,
1039 1994 1243 2076 quod,
1273 2013 1425 2057 cum
1455 1995 1726 2077 quidam
1757 1994 2046 2076 cupidus
2077 1993 2235 2057 belli
2269 1993 2534 2075 gerendi
2579 2013 2622 2057 a

426 2092 690 2157 tribuno
723 2094 943 2176 plebis
975 2101 1331 2171 arceretur,
1363 2114 1447 2158 ne
1475 2094 1630 2172 iret,
1660 2093 1889 2178 pullos
1921 2094 2130 2178 jussit
2156 2094 2391 2158 afferri.
2481 2092 2618 2171 Qui

427 2214 579 2258 cum
623 2196 867 2259 missas
906 2213 1045 2258 non
1084 2194 1354 2260 ederent
1396 2195 1648 2277 fruge3‚
1682 2196 1960 2260 irridens
2001 2195 2235 2260 consul
2268 2196 2620 2277 augurium

428 2298 543 2372 ait,
586 2293 697 2359 Vel
734 2295 973 2375 bibant,
1004 2303 1071 2362 et
1111 2318 1227 2362 eos
1252 2301 1323 2362 in
1350 2299 1648 2364 Tiberim
1681 2299 2150 2382 praecipitavit.
2239 2298 2404 2361 Inde
2433 2300 2621 2361 navi-

426 2398 555 2460 bus
607 2386 817 2462 victor
869 2406 1211 2462 revertens
1266 2400 1350 2463 ad
1402 2398 1704 2465 Africam
1759 2400 1825 2462 in
1873 2401 2038 2463 mari
2079 2418 2232 2463 cum
2279 2400 2617 2476 omnibuS,

429 2517 604 2580 quos
632 2499 943 2574 ducebat,
976 2498 1312 2565 extinctu's
1342 2508 1467 2565 est.

509 2598 675 2659 Serv.
702 2600 777 2658 ad
809 2599 980 2679 Virg.
1002 2600 1140 2660 AEn.
1162 2616 1255 2660 vx.
1285 2608 1423 2661 198.
1478 2598 1624 2661 Hoc
1646 2602 1723 2660 ad
1747 2599 2069 2661 Claudium
2090 2598 2425 2658 Pulchrum
2453 2618 2616 2677 spec-

422 2704 573 2765 tare,
614 2696 717 2755 sed
745 2696 823 2756 ab
849 2698 983 2757 aliis
1016 2697 1189 2756 aliter
1214 2698 1459 2767 narrari,
1496 2706 1696 2755 monet
1722 2697 1804 2755 ibi
1836 2696 2040 2755 Burm.
2101 2694 2200 2753 cf.
2229 2695 2417 2773 intpp.
2448 2693 2617 2755 Suet.

422 2790 558 2852 Tib.
589 2799 645 2853 2.
678 2804 741 2853 et
766 2792 999 2853 Duker.
1022 2794 1099 2853 ad
1122 2792 1280 2854 Flor.
1318 2810 1396 2852 11.
1425 2800 1483 2851 2.
1517 2800 1618 2853 29.
1645 2794 1742 2852 cui
1768 2802 1958 2852 totum
1983 2792 2118 2861 hoc,
2147 2789 2309 2870 quod
2335 2809 2411 2849 ex
2447 2789 2616 2849 Livio

422 2888 601 2947 refert
625 2888 887 2959 Servius,
933 2898 1267 2970 suspectum
1306 2888 1643 2959 videbatur,
1680 2898 1966 2967 tanquam
1991 2908 2066 2947 ex
2097 2886 2342 2945 Claudii
2368 2884 2617 2944 Pulchri

424 2983 669 3043 historia
692 2983 918 3055 fictum,
954 2984 1050 3043 vel
1076 2984 1233 3042 male
1258 2983 1636 3061 descriptum.

1228 3182 1330 3228 AD
1384 3182 1526 3228 Lus.
1579 3178 1803 3227 xmx.

511 3282 619 3346 De
662 3292 1043 3365 quartorum
1088 3282 1403 3345 ludorum
1448 3281 1872 3345 saecularium
1905 3296 2075 3341 anno
2107 3276 2352 3357 triplex
2384 3276 2614 3357 opinio

424 3391 545 3447 est.
634 3380 876 3447 Antias
920 3384 1098 3448 enim
1128 3388 1197 3447 et
1221 3381 1441 3447 Varro
1474 3392 1545 3447 et
1571 3381 1805 3446 Livius
1839 3379 2088 3442 relatos
2126 3394 2280 3472 esse
2310 3375 2618 3457 prodide-

427 3492 579 3547 runt
625 3484 703 3549 L.
738 3485 1001 3550 Marcio
1048 3484 1442 3560 Censorino,
1492 3484 1592 3547 M.
1635 3480 1826 3569 (Μ’.)
1871 3478 2156 3545 Manilio
2207 3476 2616 3555 consulibus,

426 3592 587 3665 post
616 3585 903 3651 Romam
936 3586 1273 3655 conditam
1308 3606 1373 3649 a.
1416 3603 1581 3651 nov.

508 3684 812 3747 censorin.
841 3686 917 3744 de
946 3686 1063 3747 Die
1092 3685 1249 3746 Nat.
1274 3706 1329 3745 c.
1358 3693 1459 3748 17.
1504 3684 1606 3745 cf.
1642 3683 1804 3763 Epit.
1834 3683 1965 3742 Liv.

1188 3886 1288 3932 AD
1338 3884 1491 3932 mn.
1540 3881 1850 3930 DXXVII·

513 4005 699 4088 Sylla
748 4003 1233 4068 nobilissimum
1267 4001 1601 4066 contrahit
1629 3998 2032 4082 conjugium,
2062 3991 2342 4059 Caecilia
2385 3992 2612 4069 ducta,

414 4107 686 4175 .Metelli
726 4104 1063 4189 pontificis
1093 4103 1369 4169 maximi
1398 4103 1553 4167 filia.
1645 4100 1828 4163 Hinc
1857 4096 2098 4163 cecinit
2125 4094 2338 4158 multa
2367 4093 2434 4156 in
2465 4114 2614 4181 eum

427 4212 751 4293 probrose
803 4206 1058 4289 vulgus,
1106 4205 1431 4287 multique
1488 4222 1580 4269 ex
1630 4200 2036 4285 primoribus
2096 4196 2466 4263 inviderunt
2522 4197 2613 4275 ei,
