3159 4959
840 428 1045 479 unm
1094 428 1429 476 oxxxw.
1476 428 1818 477 suppum
1833 430 2033 478 BN'rU
2047 431 2122 478 M.

366 573 571 633 causis
586 591 691 652 par
714 579 777 631 et
796 570 1491 631 admiratio·et·molestia
1512 570 1650 641 fuit,
1679 571 1798 631 illis
1833 572 2013 631 animi
2037 574 2262 651 magni-

366 669 655 737 tudinem,
681 668 770 726 his
794 666 1105 727 artificium
1134 668 1504 747 stupentibus
1524 688 1541 735 ς
1587 676 1650 727 et
1669 668 1867 728 alteris
1891 688 2046 746 aegre
2069 668 2262 728 seren-

368 766 525 824 tibus
542 764 932 825 calliditatem
962 765 1237 835 Caesaris,
1266 764 1467 823 alteris
1490 782 1626 823 enm
1655 766 1818 825 abire
1842 768 2132 845 potestate
2157 764 2264 825 do-

368 861 639 921 lentibus.
723 859 862 919 Jam
906 860 1087 929 enim,
1144 860 1547 920 recordatione
1599 870 1690 919 tot
1729 862 2034 921 turbarum
2085 870 2268 941 atque

369 956 679 1027 bellorum,
704 956 865 1035 apud
903 955 1212 1036 plerosque
1257 956 1501 1016 taedium
1529 957 1832 1036 popularis
1863 966 2050 1020 status
2067 958 2264 1017 inces-

367 1062 557 1113 serat:
602 1052 811 1132 hisque
841 1072 957 1112 non
994 1054 1247 1111 mutatio
1278 1061 1511 1112 tantum
1552 1053 1918 1132 reipublicae,
1955 1053 2058 1112 sed
2085 1054 2265 1113 etiam

367 1158 571 1208 auctor
596 1150 941 1210 mutationis
962 1150 1163 1209 Goesar
1179 1148 1337 1208 haud
1352 1148 1723 1229 displicebat.
1791 1142 2066 1209 Ceterum
2094 1168 2268 1211 nemo

367 1264 511 1305 vera
527 1245 776 1324 proponi
811 1245 1143 1324 putantium
1181 1245 1311 1305 haec
1346 1254 1573 1324 promte
1611 1246 1970 1325 excipiebat,
1999 1245 2130 1305 aliis
2155 1246 2264 1303 mi-

370 1341 524 1405 nime
564 1340 958 1417 gaudentibus
998 1340 1111 1399 boc
1140 1339 1409 1411 consilio,
1449 1339 1702 1401 aliorum
1743 1340 2021 1419 gandium
2067 1340 2266 1400 occul-

369 1444 535 1501 tante
560 1444 754 1495 metu:
798 1456 989 1513 neque
1032 1434 1233 1495 fictam
1279 1436 1431 1495 hanc
1456 1445 1634 1515 atque
1675 1436 2008 1496 simulatam
2035 1437 2266 1495 modes-

371 1532 513 1590 tiam
540 1530 1015 1591 existimantibus
1041 1530 1326 1608 arguendi
1354 1531 1628 1591 voluntas
1655 1542 1762 1591 aut
1784 1530 2006 1591 fiducia
2025 1532 2264 1591 aderat:

368 1627 630 1688 omnium
654 1628 715 1685 in
740 1626 989 1686 eundem
1014 1626 1241 1686 vultum
1266 1627 1600 1707 similesque
1624 1648 1800 1688 voces
1823 1638 2032 1687 coacta
2057 1626 2265 1687 adula-

370 1723 456 1783 tio
482 1730 590 1784 απ.
674 1722 760 1782 Et
782 1723 1109 1783 orationem
1136 1722 1375 1800 quidem
1406 1722 1694 1783 laudabat
1719 1744 1912 1794 nemo,
1956 1744 2090 1804 pars
2107 1725 2268 1803 ·quia

374 1838 495 1884 rem
521 1837 635 1877 non
664 1818 978 1899 probabat,
1004 1820 1187 1877 ceteri
1202 1838 1277 1878 ne
1296 1818 1567 1899 cupidius
1593 1820 1890 1899 accepisse
1915 1818 2269 1879 viderentur.

372 1912 809 1976 Tantummodo
842 1912 1172 1992 frequenter
1206 1914 1403 1973 adhuc
1429 1915 1702 1974 recitanti
1727 1914 2121 1974 occlamatum
2145 1922 2268 1972 est:

373 2018 433 2069 et
456 2010 559 2067 ubi
586 2010 901 2090 peroravit,
928 2018 1223 2069 certamen
1250 2009 1668 2069 obtestantium
1695 2008 1832 2079 fuit,
1859 2020 1876 2043 ⁶
1903 2030 1976 2068 ne
1999 2008 2268 2087 rempub-

374 2103 575 2175 licam,
616 2125 764 2165 unus
786 2106 843 2163 ei
868 2112 1059 2164 rector
1082 2124 1319 2165 munere
1356 2103 1553 2163 Deum
1589 2103 1846 2175 oblatus,
1883 2101 2270 2164 destitueret.’

374 2200 578 2261 Multa
602 2204 788 2264 etiam
808 2202 1023 2281 passim
1040 2208 1385 2279 argumenta
1398 2199 1770 2260 suadentium
1798 2201 2270 2278 hortantiumque

372 2299 804 2375 ingerebantur,
846 2298 1060 2377 quibus
1094 2316 1231 2357 cum
1270 2296 1632 2376 aliquamdiu
1672 2297 1998 2366 restitisset,
2041 2297 2120 2356 ad
2161 2318 2270 2357 ex-

374 2404 623 2455 tremum
662 2394 997 2474 proditione
1034 2413 1145 2453 sua
1175 2393 1389 2462 victus,
1420 2393 1728 2472 imperium
1765 2393 2022 2451 retinuit.
2106 2394 2274 2455 Tunc

375 2490 527 2549 inter
562 2509 833 2567 magnam
880 2488 1299 2567 gratulantium
1340 2488 1616 2549 laetitiam
1647 2498 1710 2547 et
1745 2488 1866 2547 alia
1907 2488 2167 2559 decreta,
2215 2500 2278 2550 et

374 2586 671 2667 praecipue
695 2585 917 2665 duplex
960 2586 1323 2665 praetorianis
1346 2584 1723 2665 stipendium,
1750 2602 1868 2663 quo
1895 2584 2146 2645 alacrius
2169 2606 2278 2666 pro

372 2682 563 2742 salute
590 2682 867 2761 principis
891 2681 1273 2741 excubarent.

456 2786 556 2839 95.
596 2777 741 2839 Hac
778 2786 901 2839 arte
944 2777 1149 2837 Caesar
1186 2776 1485 2839 infamiam
1530 2780 1808 2859 potentiae
1839 2798 1962 2837 suae
1988 2777 2270 2847 detraxit,

376 2884 445 2934 ut
467 2874 801 2935 volentibus
820 2884 1025 2954 postea
1044 2883 1221 2954 atque
1240 2876 1421 2935 etiam
1434 2876 1895 2945 obsecrantibus,
1913 2876 2130 2934 invitus
2147 2876 2276 2954 ipso

379 2971 603 3048 otiique
626 2968 917 3049 cupidior,
958 2970 1247 3049 imperare
1280 2970 1596 3031 videretur.
1681 2970 1902 3048 Neque
1929 2978 2162 3029 tamen⁹
2185 2990 2276 3028 res

379 3066 529 3125 adeo
556 3064 913 3125 incredibilis
936 3072 1073 3134 est,²
1094 3066 1381 3137 extitisse,
1409 3068 1511 3144 qui
1531 3066 1827 3146 pauciora,
1855 3086 2030 3145 quam
2059 3078 2274 3147 posset,

2418 409 2596 475 5815

378 3160 562 3222 vellet
583 3181 599 3230 3
644 3170 705 3221 et
730 3166 853 3240 prae
878 3180 939 3219 se
965 3160 1117 3219 ferre
1142 3163 1541 3241 perseveravit
1562 3163 1716 3221 hanc
1750 3162 2114 3222 voluntatem
2138 3163 2273 3223 Cae-
2333 3171 2444 3219 Seu.
2469 3170 2531 3219 de

378 3352 541 3423 dam,
569 3362 589 3389 ‘
610 3354 797 3413 otium
822 3372 991 3412 suum
1016 3372 1131 3411 non
1160 3351 1283 3412 fore
1308 3352 1612 3431 diguitatis
1623 3372 1858 3432 expers,
1879 3372 2070 3432 neque
2098 3354 2276 3433 priori

380 3449 581 3529 gloriae
624 3450 1039 3509 inconveniens
1060 3450 1074 3471 ⁹
1114 3448 1436 3529 pollicitus,
1472 3450 1602 3509 hoec
1649 3450 1779 3529 ipsa
1821 3450 2004 3509 verba
2043 3449 2272 3529 posuit:

383 3555 400 3581 ‘
420 3545 521 3605 sed
562 3546 675 3605 ista
709 3544 838 3603 {ieri⁴
869 3544 1203 3624 speciosius,
1242 3564 1419 3624 quam
1457 3546 1719 3626 promitti
1745 3549 2020 3625 possunt:
2065 3566 2158 3604 me
2183 3554 2272 3607 ta·

384 3660 517 3700 men
544 3641 769 3722 cupido.
798 3642 1081 3722 temporis
1113 3643 1459 3721 optatissimi
1494 3642 1639 3702 mihi
1683 3643 1974 3724 provexit,
2009 3650 2097 3711 ut,
2139 3660 2273 3700 cum

832 3812 866 3857 9
898 3807 997 3857 Aut
1022 3807 1265 3857 inseritur
1288 3809 1339 3856 in
1363 3806 1485 3857 edd.
1509 3817 1630 3857 ante
1655 3807 1809 3857 Crev.

1156 3920 1212 3939 00
1219 3920 1329 3939 0001
1337 3918 1419 3938 OOC
1426 3918 1511 3937 ‘u

448 4004 469 4031 ι
501 3995 667 4057 Neque
698 4000 853 4045 eme-
870 4009 949 4043 m
968 3996 1081 4044 adeo
1100 3995 1311 4045 Μαί..
1356 3994 1710 4044 dissimulandi
1763 3992 2008 4042 uidisset:
2045 3964 2294 4040 ωιῑιιιιιι-’

385 4059 495 4109 bilis
513 4060 607 4121 ert]
642 4058 833 4108 Melius
848 4058 1057 4121 judicat
1075 4060 1199 4120 Dio,
1216 4060 1303 4123 qui
1340 4072 1457 4122 oue
1492 4060 1559 4112 ei,
1580 4064 1698 4121 qnae
1770 4057 2127 4120 nigranti-sime
2157 4069 2275 4104 con-

385 4126 517 4173 hsnc
554 4124 859 4173 modestiam
896 4123 1069 4173 fictam
1103 4139 1217 4173 esse
1250 4132 1307 4173 et
1357 4123 1670 4184 cupisceret,
1691 4136 1751 4170 ea
1785 4122 1960 4185 specie
1993 4120 2276 4171 recusantis

388 4187 677 4236 simulatam
716 4188 949 4237 tradidit.
1018 4188 1185 4239 Mirus
1222 4202 1306 4237 ar·
1356 4186 1451 4235 sibi
1485 4186 1632 4250 quasi
1669 4186 1830 4237 invito
1869 4185 2150 4249 ingerenda
2187 4200 2276 4235 cu-

387 4250 517 4302 tifex
538 4252 639 4303 fuit
654 4254 738 4303 hic
758 4253 937 4303 Caesar
954 4253 1227 4303 simulandi
1247 4266 1307 4302 sc
1359 4266 1495 4302 rare.
1531 4252 1676 4301 cm.

378 3278 475 3318 sar
498 3257 765 3339 plurimis
803 3256 983 3316 dictis
1016 3257 1385 3337 scriptisque.
1470 3256 1638 3315 Nam
1663 3263 1726 3315 et
1759 3258 1820 3314 in
1855 3256 2106 3336 epistola
2127 3278 2274 3337 qua·
2300 3236 2446 3349 cBrev.
2469 3234 2573 3283 ‘’⁵⁸-
