3159 4959
1504 427 1573 473 '1'-
1621 425 1810 476 mvn
1875 433 1882 442 ⁶

952 577 1013 628 6.
1056 577 1075 604 ⁴
1108 567 1319 648 Atque
1342 568 1565 627 utinam
1591 567 1800 627 eadem
1825 567 1932 626 tibi
1961 585 2122 626 mens
2145 567 2390 628 fuisset!
2435 567 2764 648 Utriusque

872 685 961 723 res
1002 665 1175 742 longe
1224 685 1381 723 nunc
1423 664 1708 723 haberent
1749 664 2146 722 commodius:
2203 685 2392 742 neque
2435 665 2764 743 Pompeius

870 761 1151 840 expulsus
1176 759 1389 819 Sicilia
1411 759 1586 829 foret,
1615 779 1808 838 neque
1844 768 1906 820 tu
1943 758 2252 818 adversum
2291 760 2554 820 Parthos
2579 779 2759 840 expe-

868 857 1091 916 ditione
1119 857 1285 915 irrita
1310 865 1487 933 teque
1520 864 1583 913 et
1617 856 1938 914 exercitum
1975 853 2360 932 fatigavisses.
2445 855 2612 914 Nam
2637 856 2760 914 sine

870 963 974 1012 tua
998 951 1187 1012 classe
1215 950 1361 1011 nihil
1388 951 1667 1010 adversus
1693 951 2054 1030 Pompeium
2077 951 2282 1010 Caesar
2305 951 2590 1030 potuisset
2603 972 2621 1020 3
2653 971 2761 1010 nec

870 1047 1149 1106 adversus
1173 1055 1231 1104 te
1269 1043 1508 1116 Parthi,
1532 1049 1581 1104 si
1611 1045 1818 1104 fuisses
1853 1045 2097 1123 adjutus
2127 1045 2218 1104 bis
2241 1047 2450 1125 copiis,
2481 1065 2628 1125 ques
2649 1047 2765 1105 tibi

871 1142 1078 1201 Caesar
1115 1141 1477 1221 promiserat.
1562 1140 1684 1199 Sed
1725 1142 2042 1221 praeterite,
2089 1142 2365 1220 quoniam
2403 1141 2613 1201 mutari
2655 1161 2756 1201 ne-

868 1245 1113 1316 queunt,
1142 1257 1213 1296 ne
1237 1238 1670 1316 vituperemus:
1714 1236 2126 1296 documentum
2167 1237 2362 1316 potius
2401 1237 2538 1296 inde
2563 1255 2758 1297 suma-

868 1351 997 1392 mus
1023 1333 1099 1392 ad
1126 1354 1201 1393 ea
1224 1348 1359 1412 quae
1386 1341 1521 1390 sunt
1559 1333 1618 1391 in
1653 1333 1942 1391 manibus.
2029 1333 2190 1392 Ecce
2229 1351 2385 1392 nnnc
2423 1333 2630 1391 iterum
2655 1348 2757 1392 ea·

868 1429 1003 1489 dem
1036 1429 1146 1489 illa
1188 1429 1516 1507 Pompeius
1554 1437 1775 1498 monet,
1803 1447 1938 1507 quae
1981 1428 2202 1486 utinam
2241 1427 2354 1486 illo
2383 1435 2644 1508 tempore
2677 1429 2754 1488 ad

866 1527 1123 1584 animum
1146 1523 1477 1584 admisisses
1496 1523 1513 1581 Ι
1554 1522 1762 1581 Toties
1775 1522 2076 1602 deceptus,
2091 1531 2184 1581 tot
2199 1523 2494 1602 appetitus
2507 1523 2759 1596 insidiis,-

868 1619 1193 1700 aliquando
1232 1618 1433 1698 disper
1472 1627 1579 1677 tuo
1626 1615 1882 1676 Gaessris
1915 1617 2234 1695 ingenium,
2261 1625 2418 1676 artes
2439 1617 2757 1678 dissimillia

866 1733 992 1773 mas
1016 1733 1287 1792 agnosce.
1373 1711 1476 1773 Ita
1512 1732 1704 1792 neque
1727 1711 2020 1772 simulatis
2043 1711 2356 1773 foederibus
2387 1715 2538 1793 ejus,
2565 1731 2753 1793 neque

863 1808 1119 1869 subdola
1143 1807 1426 1868 affinitate
1452 1807 1724 1887 capieris.

944 1911 1002 1966 7.
1046 1911 1067 1940 ‘
1096 1902 1263 1962 Nam
1304 1903 1383 1961 ab
1422 1903 1537 1962 hoc
1576 1902 1820 1982 quidem
1855 1903 2088 1964 bomine
2133 1901 2318 1962 fidum
2365 1911 2754 1982 pacatumque

864 1998 1009 2058 nihil
1034 1999 1462 2078 expectaveris.
1546 1997 1740 2058 Simul
1769 1999 1880 2077 ipsi
1915 1999 2070 2058 vires
2095 1997 2416 2077 placebunt
2435 2015 2578 2068 sum,
2605 1997 2754 2057 frus-

862 2101 955 2153 tra
972 2102 1062 2153 tot
1086 2095 1358 2154 amicitiae
1384 2093 1624 2154 vincula
1637 2093 1938 2172 jactabis:
1981 2091 2224 2152 infestus
2249 2092 2755 2173 implacabilisque

864 2189 986 2249 fiet.
1073 2189 1311 2269 Ecquid
1336 2191 1495 2248 enim
1519 2189 1802 2269 Pompeii
1828 2188 2066 2250 fortuna
2081 2197 2336 2248 mentem
2363 2190 2590 2268 aperire
2617 2189 2758 2248 eea

862 2286 1009 2344 saris
1036 2286 1249 2364 potuit,
1290 2303 1467 2364 quem
1508 2286 1636 2343 sine
1677 2303 1859 2345 causa
1897 2283 2061 2344 bello
2097 2285 2330 2364 petivit,
2353 2284 2624 2361 neglecto
2647 2283 2750 2344 foe-

864 2380 1041 2439 dere?
1084 2379 1321 2458 Ecquid
1354 2378 1588 2459 Lepidi,
1617 2397 1787 2457 quem
1809 2380 2118 2458 potestatis
2139 2388 2201 2437 et
2217 2379 2478 2438 victoriae
2505 2381 2750 2448 socium,

864 2476 1109 2554 imperio
1134 2484 1195 2532 et
1217 2474 1505 2551 dignitate
1540 2472 1867 2553 spoliavit?
1910 2473 2107 2552 quue
2145 2482 2204 2532 te
2229 2472 2580 2542 inconsulto,
2607 2475 2756 2534 citra

862 2573 1035 2650 cujus
1069 2587 1361 2630 assensum
1400 2577 1694 2627 tantarum
1727 2587 1915 2628 rerum
1959 2569 2102 2628 nihil
2143 2569 2458 2649 oportebat
2495 2569 2648 2646 gerit
2689 2578 2756 2630 te·

860 2665 1137 2725 fiendam
1161 2665 1415 2744 praemiis
1440 2665 1740 2743 utriusque
1773 2665 2057 2736 victorie,
2085 2683 2262 2744 quem
2301 2664 2558 2724 decebat
2587 2683 2754 2724 com-⁹

862 2759 1161 2819 modorum
1188 2760 1447 2818 omnium
1474 2760 1821 2838 participem
1855 2769 2298 2838 consortemque
2323 2759 2544 2819 baberi.
2627 2759 2751 2820 Sed

860 2853 965 2913 ine
986 2873 1137 2913 enus
1162 2854 1443 2933 imperare
1462 2855 1752 2924 omnibus,
1775 2873 1925 2913 unus
1945 2855 2210 2913 obtinere
2234 2852 2516 2932 quicquid
2535 2865 2630 2914 tot
2639 2873 2748 2913 οω-

860 2951 1011 3010 cuiis
1032 2951 1112 3008 rei
1140 2949 1434 3008 Romanae
1456 2958 1684 3029 partum
1709 2959 1819 3019 est,
1839 2949 2120 3029 postulat.
2204 2948 2472 3028 Ideoque
2495 2967 2748 3010 summo-³

862 3049 938 3105 tis
952 3049 1085 3124 jam
1110 3045 1321 3104 ceteris
1344 3044 1698 3115 bominibus,
1723 3045 1840 3123 qui·
1857 3046 2120 3104 resistere
2145 3044 2451 3103 ambitioni
2489 3045 2628 3123 ejus
2643 3063 2748 3125 po·-

860 3151 1074 3214 terant,
1102 3153 1163 3202 te
1204 3141 1565 3222 propediem,
1609 3161 1682 3201 ne
1723 3142 1954 3213 dubita,
1997 3144 2282 3224 petiturus
2313 3150 2424 3213 est,
2451 3145 2556 3223 qui
2595 3163 2748 3203 nune

857 3238 1279 3318 cupiditatibus
1302 3237 1465 3296 illius
1489 3256 1640 3296 unus
1665 3238 1882 3296 obstes.

939 3341 998 3393 8.
1040 3341 1059 3370 ‘
1092 3333 1253 3392 Haec
1292 3331 1533 3411 quidem
1559 3342 1620 3392 te
1645 3353 1884 3412 quoque
1917 3333 2078 3392 clare
2099 3335 2524 3412 perspicueque
2548 3333 2746 3393 videre

856 3430 1195 3494 existiman
1238 3427 1341 3485 sed
1376 3437 1571 3487 tamen
1611 3447 1652 3486 a
1683 3447 1746 3485 se
1769 3429 1946 3487 etiam
1975 3429 2196 3486 moneri
2229 3429 2441 3499 voluit,
2467 3449 2592 3507 quo
2624 3427 2748 3488 duo

855 3524 985 3582 haec
1028 3523 1258 3602 penitus
1292 3521 1680 3599 intelligeres:
1724 3523 1999 3602 primum,
2040 3543 2230 3601 neque
2271 3522 2518 3582 moleste
2558 3523 2746 3582 Pom-

855 3619 1051 3697 peium
1076 3615 1247 3687 ferre,
1264 3615 1424 3694 quod
1450 3635 1628 3676 naves
1647 3617 1870 3677 Coesari
1891 3618 2214 3697 praebuisti,
2233 3621 2404 3696 cujus
2421 3618 2498 3677 ed
2524 3618 2745 3678 bellum

858 3711 1205 3772 Parthicum
1246 3711 1353 3769 tibi
1394 3714 1724 3771 necessaria
1753 3723 1874 3770 tum
1919 3711 2230 3771 videbatur
2261 3713 2551 3772 amicitia:
2597 3715 2746 3774 alte-

854 3825 1005 3876 rum,
1044 3825 1209 3885 spem
1254 3825 1381 3864 esse
1448 3804 1746 3885 Pompeio
1796 3827 2194 3886 permagnam,
2245 3816 2326 3876 te,
2375 3808 2746 3869 considerata

852 3901 1057 3961 fraude
1084 3899 1358 3970 Coesaris,
1384 3908 1446 3959 et
1471 3911 1755 3981 perpetuo
1781 3902 2155 3960 consiliorum
2181 3904 2308 3979 ejus
2331 3911 2554 3974 tenore,
2575 3901 2742 3962 dam·

853 3999 1058 4076 nisque
1082 4005 1144 4056 et
1167 3995 1443 4075 periculis
1474 3995 1747 4056 Parthici
1773 3996 1940 4067 belli,
1961 4017 2208 4076 quorum
2236 3997 2338 4057 ille
2366 4018 2482 4058 non
2505 4000 2742 4060 mitten-

852 4091 931 4150 do
971 4092 1279 4171 promissos
1318 4094 1614 4152 exercitus
1662 4093 1925 4152 maxima
1969 4111 2150 4153 causa
2195 4093 2414 4164 extitit,
2457 4113 2572 4152 non
2617 4109 2742 4154 esse

850 4187 1309 4260 commissurum,
1356 4196 1425 4248 ut
1462 4189 1680 4252 diutins
1723 4189 1950 4267 injuriae
1995 4199 2114 4250 ωε
2152 4187 2498 4261 vindictam,
2539 4191 2750 4253 amicis
