3159 4959
928 450 1131 499 unm
1184 450 1360 498 cxi..
1406 448 2056 499 strennuus-rum.
2367 468 2371 471 -
2415 431 2590 497 5899

366 594 770 674 pellationem,
810 599 873 650 et
913 592 1085 670 quasi
1118 611 1255 651 cum
1302 592 1549 671 antiqua
1589 590 1936 661 luctantem,
1961 592 2076 651 hoc
2111 610 2266 649 anno

364 692 441 749 ab
468 690 737 749 omnibus
764 690 1052 767 usurpari,
1082 688 1330 767 antiqua
1357 690 1593 768 penitus
1619 688 1886 767 explosa,
1915 688 2226 766 placuerit.

442 793 542 845 21.
588 785 753 844 Inter
782 785 905 845 haec
933 795 1056 844 tam
1084 785 1223 845 laeta
1249 806 1321 845 ac
1350 783 1672 865 splendida
1699 804 1894 843 rursus
1927 783 2266 862 Augustum

364 880 719 941 infirmitatis
758 880 1033 940 humanae
1082 880 1156 939 C.
1190 880 1545 939 Maecenatis
1580 881 1778 939 obitus
1804 879 2130 945 admonuit,
2157 880 2268 939 viri
2297 886 2411 937 Dio.

364 979 517 1036 inter
542 996 766 1056 paucos
788 975 1204 1036 memorabilis.
1258 974 1457 1055 ‘Nam
1484 996 1589 1055 per
1609 976 1888 1055 plurimos
1916 996 2099 1036 annos
2123 976 2268 1035 ami-

344 1062 628 1133 'cissimus
655 1072 905 1141 Caesari,
938 1072 1263 1150 dignusque
1301 1080 1465 1131 tanto
1500 1072 1720 1130 honore
1755 1072 2005 1142 vixerat,
2032 1071 2274 1131 utilibus

360 1168 609 1228 subinde
638 1168 974 1227 ministeriis
1000 1168 1243 1245 majoris
1270 1167 1443 1226 amici
1470 1167 1901 1227 benevolentiae
1925 1169 2114 1226 vicem
2140 1168 2270 1227 red-

362 1263 527 1323 dens.
614 1262 701 1321 Et
727 1264 969 1341 publice
1008 1261 1249 1340 quidem
1296 1263 1489 1321 obitas
1530 1272 1726 1342 partes
1770 1262 1888 1321 suis
1927 1262 2272 1341 plerumque

368 1359 516 1419 locis
541 1358 849 1417 retulimus
875 1378 890 1417 :
932 1358 1031 1417 hic
1059 1359 1296 1419 omnino
1340 1359 1857 1419 commemoranda
1895 1358 2138 1417 libertas
2160 1367 2270 1429 est,

370 1474 491 1532 qua
542 1454 858 1533 saepissime
916 1453 1213 1513 Caesarem
1268 1474 1343 1514 ea
1404 1454 1598 1514 facere
1652 1456 1972 1535 prohibuit,
2025 1473 2274 1533 quorum

368 1558 573 1628 postea
616 1551 895 1628 poenitere
938 1570 1073 1609 eum
1122 1549 1438 1609 debuisset.
1525 1548 1628 1609 Ac
1673 1550 2009 1609 merebatur
2061 1549 2274 1625 insigni

366 1646 611 1705 lenitate
639 1644 1073 1725 prudentiaque
1110 1646 1404 1726 princeps,
1435 1655 1501 1705 ut
1525 1647 1882 1706 rarissimum
1908 1646 1997 1703 illi
2021 1645 2272 1704 fortunae

368 1742 588 1799 bonum
644 1739 989 1819 possideret,
1029 1741 1381 1801 benevolum
1432 1740 1868 1820 candidumque
1909 1741 2271 1800 monitorem.

370 1836 699 1914 Utriusque
740 1837 1063 1896 maximum
1112 1837 1577 1915 experimentum
1618 1837 1696 1896 ab
1725 1856 1842 1895 uno
1867 1835 2142 1915 exemplo
2168 1856 2268 1895 ca-

369 1932 499 2011 pias
528 1930 687 1991 licet.

450 2034 549 2087 22.
594 2026 861 2087 Sedebat
885 2028 1195 2107 Augustus
1230 2049 1335 2108 pro
1368 2028 1676 2099 tribunali,
1702 2029 2086 2089 damnaturus
2111 2029 2268 2088 mul-

368 2134 481 2193 tos,
500 2133 567 2182 ut
590 2142 791 2182 omnes
810 2123 1110 2183 oculorum
1128 2133 1509 2203 gestuumque
1530 2133 1595 2183 et
1608 2127 1772 2185 vocis
1793 2134 1970 2194 notae,
1999 2144 2148 2203 quas
2167 2124 2269 2185 diu

372 2228 509 2278 ante
537 2218 927 2299 perdidicerat
950 2218 1275 2289 Maecenas,
1303 2220 1359 2279 ei
1378 2219 1808 2299 significabant.
1895 2219 2110 2299 Igitur,
2137 2240 2272 2281 cum

372 2334 479 2393 per
501 2312 823 2373 confertam
852 2316 1087 2373 turbam
1116 2315 1435 2394 pervadere
1465 2314 1543 2375 ad
1568 2336 1702 2374 eum
1730 2317 2048 2395 nequisset,
2079 2316 2270 2375 tabel-

374 2407 493 2468 lam
538 2410 597 2467 in
645 2411 835 2469 sinum
880 2410 1011 2485 ejus
1054 2410 1233 2480 misit,
1275 2410 1369 2469 his
1408 2411 1748 2491 inscriptam
1787 2412 1998 2480 verbis,
2039 2420 2055 2445 ⁶
2077 2430 2270 2487 surge,

372 2505 683 2564 carnifex!
766 2504 1039 2565 Surrexit
1065 2504 1194 2575 ille,
1222 2504 1388 2565 nulla
1415 2507 1475 2563 in
1502 2526 1839 2585 quenquam
1866 2506 1992 2585 lata
2015 2506 2270 2565 tristiore

371 2601 684 2671 sententia,
711 2609 1055 2679 tantumque
1082 2598 1275 2659 abfuit
1300 2601 1378 2660 ab
1402 2600 1628 2661 offensa
1655 2602 1908 2661 hominis
1934 2601 2272 2682 probatissi-

370 2699 451 2757 mi
474 2697 738 2766 libertas,
762 2707 829 2755 ut
845 2698 1060 2776 potius,
1078 2716 1211 2756 cum
1234 2694 1341 2756 illa
1356 2707 1544 2756 morte
1569 2697 1923 2758 Maecenatis
1941 2696 2274 2768 defecisset,

373 2794 523 2853 serio
547 2792 989 2852 desideraretur.
1076 2792 1253 2852 Certe
1280 2812 1415 2852 cum
1456 2794 1694 2852 biennio
1727 2802 1864 2872 post
1900 2792 2085 2853 filiam
2109 2813 2275 2853 suam
2333 2797 2448 2845 Sen-
2469 2797 2532 2845 d·

376 2898 618 2967 propter
638 2889 931 2949 adulteria
956 2889 1292 2965 relegasset,
1314 2898 1492 2966 atque
1514 2887 1837 2961 decedente
1863 2909 2003 2948 mox
2018 2889 2139 2960 ira,
2167 2910 2274 2968 pu·
2298 2861 2470 2975 genef.
2495 2878 2567 2909 Ἦ·

376 2986 523 3044 dore
564 3004 636 3043 ac
664 2985 1005 3063 poenitentia
1030 2985 1439 3062 corriperetur,
1466 3002 1626 3062 saepe
1661 2983 2026 3043 exclamasse
2049 2983 2234 3044 fertur
2259 3006 2273 3043 :

381 3090 397 3115 ⁶
434 3078 674 3139 Horum
702 3077 845 3137 nihil
873 3078 1017 3137 mihi
1046 3076 1379 3148 accidisset,
1406 3078 1453 3137 si
1483 3088 1588 3137 aut
1611 3078 1892 3159 Agrippa
1917 3089 2022 3139 aut
2048 3079 2273 3140 Μωσε-

378 3196 485 3235 nas
511 3176 839 3236 vixissent?

463 3278 563 3331 23.
607 3270 869 3331 Virtutis
895 3280 1093 3331 autem
1114 3273 1439 3351 optimique
1478 3273 1662 3331 animi
1687 3272 2053 3352 perspicuum
2088 3273 2271 3333 docu-
2301 3286 2417 3334 Dio.

380 3377 639 3428 mentum
665 3368 725 3426 in
755 3369 1091 3428 Maecenate
1129 3367 1265 3439 fuit,
1290 3367 1451 3448 quod
1479 3369 1538 3427 in
1576 3368 1839 3428 maxima
1865 3368 2023 3448 apud
2061 3370 2275 3449 princi-

382 3482 516 3542 pem
557 3466 747 3541 gratia
792 3467 1037 3545 positus,
1084 3484 1200 3524 non
1240 3464 1527 3525 invidiam
1572 3473 1921 3534 ceterorum,
1972 3484 2088 3525 non
2138 3464 2278 3524 odia

385 3560 684 3637 persensit.
772 3559 1017 3619 Scilicet
1042 3559 1335 3620 modestia
1380 3580 1451 3621 ac
1486 3562 1767 3621 comitate
1807 3560 2104 3620 fortunam
2130 3572 2276 3619 tem-

388 3673 617 3731 perans,
642 3674 777 3713 cum
804 3656 939 3716 aliis
965 3657 1041 3714 ab
1069 3655 1349 3733 Augusto
1368 3676 1527 3735 saepe
1546 3677 1802 3719 summos
1819 3657 2068 3716 honores
2093 3659 2276 3735 impe-

388 3756 592 3817 traret,
620 3750 676 3807 in
714 3751 967 3827 equestri
1004 3750 1137 3809 loco
1176 3752 1501 3811 consenuit.
1587 3751 1732 3811 Non
1771 3753 1978 3811 mirum
2003 3752 2200 3829 igitur,
2228 3750 2276 3809 si

386 3854 572 3905 morte
599 3846 773 3923 hujus
810 3848 1105 3923 ingentem
1128 3846 1391 3907 dolorem
1417 3848 1691 3926 concepit
1729 3848 1952 3917 Gaesar,
1980 3848 2158 3907 etiam
2196 3867 2274 3907 ex

386 3951 740 4004 testamento
787 3942 1139 4002 Maecenatis
1175 3952 1502 4023 perspecto,
1546 3943 1692 4003 nihil
1737 3963 1871 4003 eum
1903 3945 2016 4003 sibi
2047 3952 2278 4023 propter

388 4040 721 4100 Terentiam
764 4058 1121 4099 succensere.
1206 4038 1433 4100 Paucis
1471 4041 1628 4099 enim
1672 4060 1782 4101 nec
1805 4041 2080 4099 maximis
2104 4039 2278 4098 rebus

390 4135 674 4215 exceptis,
702 4135 901 4194 omnia
939 4136 994 4194 ei
1028 4134 1286 4213 reliquit,
1332 4136 1381 4193 si
1418 4135 1562 4214 quid
1607 4134 1742 4195 inde
1785 4134 2130 4195 distribuere
2172 4136 2274 4194 de-

392 4232 574 4297 functi
607 4231 809 4293 amicis
854 4230 1058 4302 vellet,
1099 4228 1255 4291 illius
1296 4232 1355 4291 in
1388 4233 1692 4294 arbitrium
1721 4232 2043 4294 conferens.
2129 4232 2278 4291 Erat
