3159 4959
831 442 1041 491 LIBRI
1090 442 1433 491 CXXXIV.
1478 443 2122 495 SUPPLBMENTUM.

366 584 994 663 exigentemtributa?
1036 582 1467 663 Voluptatibus
1491 584 1780 655 deditum,
1805 594 1870 645 at
1887 585 2018 645 aliis
2035 586 2270 647 labores

366 684 769 761 injungentem
798 700 869 739 ac
902 680 1250 739 molestias?

446 784 548 837 69.
594 787 611 812 ‘
641 776 803 835 Hoec
829 778 880 835 si
917 776 1279 855 praestiteris,
1322 774 1383 834 in
1423 785 1531 835 tua
1574 778 1910 836 innocentia
1945 778 2268 837 maximum

364 874 623 933 habebis
649 872 986 952 praesidium
1016 873 1380 933 securitatis:
1426 892 1535 931 nec
1580 874 1948 932 succensebit
1971 874 2081 933 tibi
2109 875 2267 953 quis-

366 990 569 1048 quam,
598 968 773 1027 crede
800 968 967 1038 mihi,
998 988 1107 1027 nec
1136 968 1528 1027 insidiabitur.
1617 968 1780 1028 Haec
1806 984 2004 1029 autem
2030 972 2132 1029 ubi
2161 971 2268 1029 ob-

364 1066 627 1135 tinueris,
656 1067 833 1125 beate
863 1074 929 1124 ut
968 1066 1137 1125 vivas
1180 1084 1499 1125 necessum·
1520 1066 1650 1124 erit.
1736 1065 1904 1131 Quid
1947 1068 2100 1125 enim
2137 1086 2270 1125 sua·

367 1163 521 1233 vius,
566 1182 747 1242 quam
794 1182 899 1241 per
938 1161 1211 1221 virtutem
1260 1162 1523 1219 omnium
1568 1162 1950 1222 humanorum
1989 1163 2268 1221 bonorum

364 1258 703 1317 fruitionem
728 1257 1033 1337 adeptum,
1060 1276 1135 1315 ea
1158 1256 1423 1334 dilargiri
1466 1256 1600 1315 aliis
1633 1258 1814 1316 etiam
1851 1258 2064 1336 posse?
2109 1256 2270 1316 Haec

366 1355 566 1431 igitur,
603 1364 663 1413 et
689 1374 825 1432 quae
850 1354 981 1412 dixi
1020 1362 1243 1424 cetera,
1272 1363 1463 1413 tecum
1503 1354 1846 1424 ruminatus,
1872 1374 2112 1433 sequere
2137 1374 2268 1415 sen-

365 1449 631 1509 tentiam·
652 1468 873 1519 meam,
914 1470 1103 1527 neque
1129 1448 1447 1517 fortunam,
1474 1470 1608 1527 quae
1637 1458 1698 1507 te
1740 1470 1818 1509 ex
1859 1451 2132 1509 omnibus
2165 1452 2268 1509 de-

372 1544 590 1604 lectum
636 1564 877 1603 summae
925 1564 1113 1603 rerum
1164 1544 1458 1624 imposuit,
1492 1545 1788 1604 abaliena.
1876 1545 1942 1604 Si
1980 1566 2118 1605 vero
2160 1547 2270 1605 tibi

370 1642 523 1719 regis
549 1640 871 1721 appellatio
899 1640 1195 1699 Romanis
1218 1641 1425 1701 odiosa
1460 1640 1755 1721 displicet,
1784 1643 1904 1701 vim
1940 1641 2268 1721 amplexus,

370 1740 481 1799 sub
530 1739 767 1797 nomine
811 1737 1067 1797 Caesaris
1110 1737 1319 1797 eadem
1360 1738 1557 1798 omnia
1593 1758 1751 1815 ages.
1833 1736 1970 1797 Aut
2009 1739 2060 1797 si
2107 1738 2270 1797 aliud

374 1835 581 1906 mavis,
611 1832 673 1891 id
694 1852 929 1911 quoque
954 1832 1217 1903 dabitur,
1244 1832 1369 1892 sive
1396 1833 1783 1912 imperatoris,
1813 1833 1974 1911 quod
2001 1834 2158 1912 prius
2183 1844 2273 1893 est

371 1930 637 1991 delatum
684 1929 838 2009 patri
862 1937 987 1999 tuo,
1015 1928 1138 1987 sive
1174 1928 1483 2007 quodlibet
1512 1927 1677 1987 aliud
1721 1929 1808 1987 ita
1845 1940 2270 2007 comparatum,

374 2038 440 2085 ut
486 2026 688 2105 aliquo
727 2025 1019 2085 vocabulo
1061 2034 1289 2083 ceteras
1329 2032 1650 2103 potestates
1692 2025 2066 2103 praemineas3
2110 2027 2273 2101 regni

375 2123 645 2181 omnibus
691 2121 881 2189 bonis,
936 2121 1086 2179 citra
1132 2120 1485 2182 invidiosum
1508 2121 1664 2198 'ejus
1709 2139 1943 2189 nomen,
1988 2122 2275 2197 potiaris!

378 2217 507 2277 Ubi
550 2217 725 2277 finem
768 2215 1003 2276 dicendi
1048 2216 1351 2281 Maecenas
1394 2216 1559 2284 fecit,
1599 2216 1746 2275 actis
1790 2216 2022 2293 utrique
2067 2216 2272 2293 gratiis

376 2314 600 2385 Caesar,
627 2313 787 2392 quod
826 2321 1097 2373 accurate
1145 2312 1445 2423 libereque
1488 2311 1772 2372 dixissent
1813 2312 2181 2382 sententiam,
2207 2332 2270 2371 se

375 2409 877 2469 consideraturum
902 2408 1181 2467 ostendit.

2423 428 2596 493 5603

458 2511 557 2566 70.
600 2504 695 2563 Eo
720 2514 979 2583 tempore
1022 2504 1103 2563 P.
1134 2502 1445 2563 Maronem
1482 2511 1738 2584 poetam,
1774 2524 1880 2585 per
1925 2505 2276 2565 Maecenatis
2295 2514 2466 2579 virgil.
2487 2514 2596 2565 vit.

374 2602 949 2665 commendationem
984 2602 1134 2660 inter
1174 2600 1499 2661 familiares
1538 2600 1792 2660 Caesaris
1817 2613 2140 2682 receptum,
2183 2603 2270 2661 in-

377 2707 734 2777 terrogatum
792 2698 869 2756 ab
914 2716 987 2756 eo
1028 2698 1181 2755 inter
1238 2697 1497 2757 diversas
1553 2698 1876 2755 sententias
1925 2696 2270 2767 fluctuante,

376 2805 393 2831 ‘
424 2794 780 2875 expediatne
821 2795 1053 2874 privato
1087 2792 1511 2873 rempublicam
1536 2812 1853 2873 occupare,
1879 2794 1929 2852 si
1969 2814 2142 2853 casus
2167 2794 2272 2853 de-

373 2890 541 2949 tur‘3’
584 2890 749 2949 aiunt
788 2890 943 2949 hunc
990 2890 1051 2947 in
1094 2908 1325 2949 sensum
1379 2887 1783 2968 respondisse:
1849 2898 1866 2923 ‘
1895 2889 2286 2969 Quicumque·

375 2985 661 3045 hactenus
698 2984 913 3043 Romae
959 3004 1149 3043 rerum
1194 2984 1368 3061 potiti
1416 2992 1574 3052 sunt,
1615 2984 1702 3041 ita
1743 3002 1804 3041 se
1845 2993 2166 3061 gesserunt,
2207 2994 2276 3043 ut

377 3102 557 3160 seque
583 3089 647 3139 et
670 3081 1063 3155 civesmagno
1084 3080 1145 3136 in
1166 3080 1371 3137 timore
1397 3078 1616 3148 vivere,
1643 3081 2057 3159 perpetuisque
2081 3083 2272 3161 suspi-

375 3177 667 3246 cionibus,
718 3183 1013 3253 cogerent.
1098 3174 1192 3233 At
1241 3176 1291 3232 si
1338 3175 1469 3252 quis
1509 3175 1836 3233 exoriretur
1879 3184 1944 3233 et
1991 3188 2190 3253 gratus
2235 3196 2272 3235 a

377 3274 664 3354 principio
698 3272 947 3341 civibus,
985 3280 1047 3330 et
1071 3290 1245 3349 quem
1270 3270 1384 3328 sibi
1416 3272 1579 3348 juste
1606 3268 1986 3349 praefuturum
2010 3271 2268 3331 confide·

378 3378 542 3437 rent;
587 3370 717 3447 ejus
742 3368 1047 3447 imperium
1074 3366 1185 3445 ipsi
1220 3364 1555 3444 populoque
1582 3364 1824 3445 perinde
1840 3366 2172 3443 jucundum
2201 3388 2272 3427 ac

378 3464 609 3525 salubre
659 3463 857 3523 suerit.
938 3462 1033 3522 Tu
1076 3463 1253 3540 igitur
1289 3462 1359 3532 si,
1404 3461 1902 3539 quemadmodum
1953 3462 2270 3533 instituisti,

368 3560 661 3637 justitiam
709 3568 887 3639 atque
926 3557 1343 3619 liberalitatem
1382 3566 1722 3627 constanter
1771 3558 2162 3637 amplecteris,
2209 3570 2270 3621 te

380 3654 665 3714 dominari
690 3664 752 3713 et
776 3654 884 3714 tibi
907 3652 1201 3715 conducet
1224 3661 1289 3713 et
1314 3654 1486 3713 orbi!

460 3756 561 3813 71.
605 3749 761 3811 Sane
782 3758 919 3809 sunt
944 3750 1065 3827 qui
1084 3758 1231 3818 tum,
1259 3757 1494 3827 propter
1535 3750 1790 3807 auctoris
1831 3750 2270 3819 obscuritatem,

379 3847 495 3906 ista
516 3845 813 3923 rejiciant,
842 3854 965 3904 tum
991 3844 1131 3921 quia
1158 3843 1331 3903 nimis
1372 3842 1690 3915 absurdum
1718 3852 1950 3922 putant,
1987 3843 2064 3902 de
2091 3847 2272 3903 tantis

381 3942 553 4001 rebus
579 3941 917 4021 requisitam
946 3946 1135 4019 poetae
1161 3940 1507 3998 sententiam
1532 3938 1712 3997 credi.
1799 3937 1921 4000 Sed
1961 3938 2084 4007 ille,
2113 3940 2268 4019 quis-

382 4038 515 4119 quis
540 4046 650 4108 est,
689 4036 1043 4115 Virgilianae
1082 4036 1222 4095 vitae
1250 4035 1520 4115 scriptor,
1562 4053 1678 4094 non
1703 4034 1941 4093 finxisse
1967 4035 2143 4105 haec,⁰
2167 4056 2267 4094 ve·

445 4227 601 4277 Sed
620 4229 734 4277 ille.
788 4229 1039 4291 deripier,
1075 4240 1167 4274 non
1188 4226 1293 4291 fin·
1359 4226 1576 4273 suaserit
1611 4224 2006 4283 Freinshemius,
2029 4234 2086 4274 nt
2119 4226 2184 4275 de
2213 4239 2268 4273 re

379 4305 511 4343 :rme
532 4292 654 4355 hoec]
679 4292 779 4343 Vix
802 4294 1038 4357 cuiquam
1060 4291 1154 4341 hoc
1178 4305 1292 4355 per·
1360 4298 1465 4340 tam
1488 4289 1738 4354 singulari
1775 4298 1830 4341 et
1853 4260 2087 4341 inaudita
2108 4291 2268 4355 scrip·
