3159 4959
893 418 1092 471 unm
1143 420 1449 473 cxxvii.
1495 418 2143 471 surrnssunnrun.

405 564 828 644 rentiscxequi
853 563 1084 624 solitus.
1167 564 1492 625 Enimvero
1527 566 1585 623 in
1624 565 2053 645 percunoribue
2089 562 2301 623 Domi-

410 660 532 721 tius
554 680 668 720 non
695 660 826 720 fuit.
911 658 982 719 N
983 681 1018 720 e
1041 660 1270 721 consilii
1295 660 1537 740 quidem
1563 660 1887 732 conscium,
1914 660 2051 721 irati
2064 658 2305 738 judices

407 756 852 819 damnaverunt.
936 754 1004 815 Si
1045 776 1188 816 vero
1210 765 1280 816 ut
1317 758 1510 817 amico
1541 756 1717 815 Bruti
1744 773 2023 833 negamus
2044 755 2303 821 veniam,

409 851 546 913 vide
571 872 644 911 ne
667 849 1089 931 propemodum
1113 852 1384 911 omnibus
1399 871 1743 911 succensere
1766 869 2067 929 cogamur.
2149 848 2307 911 Cum

407 947 704 1028 Pompeio
727 956 928 1007 autem
951 967 1068 1007 non
1093 948 1182 1005 ita
1207 954 1562 1007 conventum
1590 956 1703 1017 est,
1732 955 1799 1005 ut
1823 946 2061 1005 eosdem
2084 948 2309 1005 amicos

405 1052 588 1123 etque
613 1044 812 1103 hostes
835 1043 1130 1102 habeant:
1171 1041 1276 1101 sed
1314 1051 1406 1113 ut,
1431 1052 1492 1101 te
1517 1050 1787 1103 movente
1812 1042 2059 1111 bellum,
2084 1042 2308 1101 auxilio

401 1142 542 1218 ejus
557 1147 796 1206 utaturg
825 1146 886 1197 te
907 1139 1266 1217 quiescente,
1281 1137 1396 1197 tibi
1411 1138 1689 1199 conciliet
1706 1136 2001 1197 bominem
2016 1137 2235 1197 nullius
2248 1147 2313 1197 et

399 1236 604 1316 ipsum
627 1234 866 1295 sceleris
889 1254 1074 1293 reum.
1157 1232 1236 1293 In
1261 1242 1324 1293 te
1361 1253 1502 1295 vero
1535 1243 1603 1295 et
1636 1234 1845 1295 harum
1876 1252 2067 1293 rerum
2088 1235 2309 1295 crimen

409 1333 661 1411 expetit.
743 1329 888 1391 Nm
921 1330 1082 1391 enim
1123 1329 1408 1391 bellssses
1433 1330 1494 1389 in
1519 1328 1733 1400 Italia,
1760 1349 2059 1409 nunquam
2096 1330 2159 1389 bi
2186 1330 2310 1391 ausi

407 1426 656 1489 fuissent
699 1425 1022 1503 legationes
1059 1424 1139 1484 ad
1197 1425 1531 1487 Antonium
1567 1426 1839 1485 mittere!
1920 1423 2309 1485 vociferante

415 1520 678 1591 cesare,
705 1530 724 1561 ⁴
747 1540 864 1581 non
899 1540 964 1581 se
999 1540 1242 1581 causam
1269 1521 1328 1579 ei
1367 1520 1553 1591 bello,
1573 1520 1681 1581 sed
1708 1520 2003 1591 Manium,
2028 1519 2133 1582 sed
2163 1519 2307 1581 Ful-

408 1620 592 1687 viam,
624 1617 730 1677 sed
765 1616 1014 1677 Lucium
1051 1617 1412 1696 proebuisse:
1453 1636 1647 1696 neque
1678 1637 1819 1677 vero
1844 1635 2105 1696 unquam
2129 1626 2311 1677 autea

407 1713 762 1793 Pompeium
799 1714 860 1771 in
891 1711 1136 1771 Italiam
1162 1732 1296 1773 cum
1319 1713 1653 1792 legionibus
1674 1712 2027 1775 descendere
2054 1732 2261 1773 nusum
2282 1732 2303 1772 z

403 1826 572 1871 nunc
607 1810 860 1869 Antonii
893 1807 1116 1871 fidncia
1147 1807 1392 1871 fecisse:
1415 1810 1434 1839 '
1473 1818 1492 1846 ‘
1513 1808 1708 1881 Non,’
1754 1810 1843 1869 ait
1886 1808 2015 1879 ille,
2046 1818 2065 1845 ⁰
2088 1806 2312 1869 fiducia

409 1904 690 1975 Antonii,
735 1906 964 1977 Gaesar,
1001 1904 1107 1965 sed
1137 1906 1378 1967 omnino
1403 1908 1597 1984 jussu.
1682 1904 1907 1985 Neque
1930 1906 2089 1967 enim
2112 1904 2309 1965 celare

413 2012 474 2064 te
492 2003 650 2074 volo,
665 2012 922 2063 ceteram
937 2002 1118 2063 etiam
1145 2001 1394 2063 Italiam
1409 2004 1582 2063 nulla
1606 2002 1805 2063 classe·
1820 2000 2147 2073 defensam,
2172 2020 2309 2063 cum

409 2118 624 2177 magno
649 2100 888 2159 navium
905 2117 1150 2159 numero
1174 2098 1536 2159 incursurum
1553 2118 1706 2168 eme,
1732 2098 1843 2157 nisi
1868 2116 2077 2177 paoem
2102 2095 2309 2159 feceri·

407 2198 526 2256 tis.'
609 2195 740 2255 Hic
771 2214 1084 2275 parumper
1123 2196 1373 2255 reticens
1418 2194 1782 2263 adolescens,
1828 2194 2007 2253 altius
2048 2193 2205 2251 enim
2248 2193 2311 2251 in

409 2292 672 2353 animum
707 2293 838 2369 ejus
870 2298 1168 2370 postrema
1195 2288 1362 2351 dicta
1396 2289 1845 2359 descenderant,
1880 2286 2097 2349 deiude
2134 2286 2311 2359 dixit,

413 2396 432 2426 ⁶
455 2406 572 2447 uon
601 2388 836 2465 impune
861 2384 1116 2445 lami-um
1141 2404 1286 2444 ausa
1310 2385 1713 2467 Pompeium:
1756 2404 1867 2445 nec
1883 2382 2179 2444 abiturum
2198 2382 2316 2441 ali-·

411 2492 526 2552 ter,
553 2500 733 2561 quam
761 2481 936 2541 modo
961 2500 999 2539 a
1022 2480 1305 2541 Thuriis!

491 2584 592 2637 23.
638 2576 730 2637 At
771 2576 1062 2637 Cocceius
1095 2576 1328 2635 abunde
1367 2582 1533 2635 ratus
1565 2574 1931 2653 explorasse,
1956 2576 2173 2655 quibus
2202 2576 2307 2635 sti-

411 2673 588 2737 mulis
635 2673 926 2751 utrimque
975 2671 1158 2731 animi
1199 2672 1663 2740 concitarentur,
1712 2688 1823 2730 nec
1868 2669 2309 2730 immedicabile

411 2768 634 2831 malum
675 2786 822 2837 esse,
867 2767 1046 2846 coepit
1089 2786 1386 2846 exponere
1426 2763 1503 2826 de
1553 2764 1790 2837 Fulvia,
1828 2775 1891 2826 et
1934 2766 2151 2846 quibus
2196 2765 2309 2827 illa

401 2864 609 2925 causis
629 2864 896 2923 morbum
921 2870 1286 2941 mortemque
1309 2860 1717 2921 accelerasset.
1788 2868 1807 2897 ⁴
1832 2859 2171 2939 Postquam
2192 2860 2309 2938 igi-

409 2960 549 3029 tur:
589 2958 802 3038 inquit,
845 2967 864 2996 ⁸
887 2958 1014 3019 bec
1064 2956 1488 3019 discordiarum
1538 2958 1807 3017 extincta
1858 2955 1963 3017 fax
2008 2966 2123 3028 est,
2164 2955 2309 3036 quid

412 3062 580 3117 vem
597 3054 912 3132 quominus
932 3051 1188 3111 redeatis
1209 3052 1270 3112 in
1307 3052 1609 3130 gratiam?
1692 3050 1887 3111 Modo
1910 3052 2083 3112 fateri
2118 3052 2309 3133 suspi-

413 3150 612 3211 ciones
634 3158 878 3219 vestr-as,
903 3166 1084 3227 quam
1109 3147 1268 3207 alere
1289 3144 1717 3209 dissimulando
1742 3146 2000 3207 malitis?
2068 3146 2305 3207 Postri-

405 3245 512 3309 die
537 3244 770 3323 rogavit
796 3242 1118 3314 Oaesarem,
1145 3250 1252 3315 fut
1280 3240 1484 3303 literas
1517 3240 1595 3301 ed
1634 3240 1972 3299 Antonium
2008 3241 2309 3315 scriberet,

412 3340 490 3401 ad
533 3342 822 3419 majorem
863 3346 1042 3398 aetate
1080 3337 1332 3415 junior.'
1410 3335 1530 3395 Ille
1575 3336 1819 3415 negavit
1870 3344 1889 3371 ‘
1910 3346 2181 3415 oportere
2233 3338 2310 3399 sd

415 3437 712 3497 inimicum
739 3456 759 3503 ς
828 3434 1148 3515 prasertim
1199 3433 1300 3513 qui
1352 3434 1762 3493 commercium
1818 3432 1932 3493 hoc
1983 3433 2313 3514 abrupisset

414 3532 590 3613 prior.
676 3530 798 3590 Sed
833 3530 1014 3610 ipsius
1035 3529 1210 3591 matri
1235 3526 1276 3588 J
1279 3528 1418 3589 uliae
1443 3528 1955 3610 exprobraturum,
1982 3528 2145 3607 quod
2171 3550 2309 3609 pro·

413 3630 636 3709 pinque
659 3646 770 3687 suu
797 3635 866 3686 et
895 3618 1210 3707 praecipuis
1229 3625 1396 3687 culta
1418 3624 1740 3684 honoribus
1766 3622 2013 3683 Italiam
2038 3624 2305 3703 fugeret:

415 3723 586 3805 quasi
618 3742 758 3785 vero
791 3742 907 3783 non
951 3741 991 3782 a
1031 3741 1093 3785 se
1139 3731 1454 3803 expectare
1495 3720 1714 3791 omnis,
1758 3728 2043 3800 tunquam
2084 3740 2125 3780 a
2156 3720 2307 3793 filio,

413 3820 650 3901 ponet)
732 3817 898 3877 Usus
931 3818 1108 3895 igitur
1147 3817 1260 3877 boc
1287 3814 1547 3875 artificio
1563 3814 1645 3874 ad
1668 3813 1893 3873 Juliam
1918 3816 2151 3893 scripsit
2175 3834 2311 3894 quoe

409 3916 562 3981 scire
607 3913 940 3979 Antonium
981 3912 1282 3992 cupiebat,
1329 3911 1681 3971 auctoritate
1724 3910 1915 3969 selva.
1999 3908 2153 3969 cum
2193 3909 2308 3973 bac

409 4011 668 4092 epistole
707 4007 1104 4090 proficiscenti
1151 4006 1410 4067 Cocceio
1470 4004 1643 4065 mulu‘
1692 4005 2067 4065 centuriones
2108 4006 2301 4065 consi-

413 4107 558 4167 lium
597 4106 892 4167 exercitus
931 4112 1320 4183 aperuerunt:
1363 4121 1472 4163 nec
1511 4099 1613 4163 ille
1651 4099 2013 4179 negligenter
2036 4103 2310 4181 exposuit

421 4202 706 4271 Antonio,
735 4210 801 4265 ut
835 4207 1064 4261 certum
1089 4198 1330 4260 haberet
1353 4216 1530 4276 grave
1560 4197 1679 4258 sibi
1715 4195 1937 4259 bellum
1977 4196 2307 4268 imminere,

415 4298 477 4358 ni
502 4306 860 4359 uunsactum
886 4296 1051 4357 foret.
