3159 4959
867 470 1077 519 Llnlu
1127 469 1400 519 CXXVI.
1443 469 2091 522 SUPPLEMBNTUM·

374 610 557 673 decus
599 630 768 671 omne
811 610 1072 672 accisuni
1111 620 1288 691 atque
1325 612 1625 673 sublatum
1668 622 1757 673 est
1796 613 2029 690 injuria.
2118 612 2265 673 Hoc

375 709 533 767 enim
551 708 662 787 ipsi
685 728 922 788 quoque
948 716 1010 767 et
1031 708 1288 769 sensistis
1303 708 1446 768 olim
1467 718 1530 769 et
1549 708 1917 790 pretulistis,
1937 708 2267 787 legitimum

374 805 529 865 hunc
555 806 956 882 mag-istratum
989 825 1104 864 nou
1142 826 1268 865 esse
1301 806 1480 875 fassi;
1525 806 1915 867 necessarium
1955 807 2265 887 appellau-

370 908 480 971 ten,
501 900 689 961 donec
721 900 920 960 Cassii·
945 900 1242 981 Brutique
1269 902 1789 963 irreconciliabilis
1813 902 2005 963 factio'
2026 902 2267 963 tollere-

370 1004 482 1056 tur.
565 996 718 1057 Ideo
765 1016 958 1077 neque
1007 1006 1352 1077 perpetuum
1413 1018 1559 1069 esse,
1610 998 1716 1057 sed
1765 1000 2267 1078 quinquennalem

369 1094 654 1155 voluistis.
739 1094 904 1172 Ergo
931 1096 1134 1175 itaque
1175 1096 1466 1175 oppressis
1503 1096 1761 1175 partium
1803 1095 2086 1164 ducibus:
2130 1096 2266 1155 reli-

370 1192 662 1271 quiarum,
703 1192 754 1251 si
795 1199 992 1251 tamen
1033 1191 1176 1251 ullae
1215 1201 1354 1251 sunt
1391 1191 1683 1271 reliquiae,
1720 1210 1837 1250 non
1870 1200 2077 1251 contra
2116 1212 2267 1251 rem-

370 1287 696 1367 publicam,
739 1286 846 1346 sed
890 1306 998 1366 pro
1041 1306 1152 1345 sua
1191 1284 1619 1357 incolumitate,
1658 1287 2029 1346 manentibus
2068 1288 2265 1358 armis,

371 1382 478 1443 sed
523 1384 770 1444 cessuris
813 1381 988 1443 simul
1033 1390 1214 1461 utque
1251 1383 1454 1442 timere
1499 1383 1613 1442 sibi
1660 1404 1699 1443 a
1732 1382 1901 1443 vobis
1944 1382 2263 1467 desierint3

373 1486 608 1557 tempus
631 1496 756 1537 esse
773 1478 1066 1556 judicavi,
1097 1486 1166 1537 ut
1199 1479 1560 1538 cessantibus
1586 1478 1909 1558 aliquando
1933 1479 2265 1539 extraordi-

371 1574 556 1633 nariis
571 1574 850 1653 imperiis,
889 1574 1114 1653 patrius
1145 1592 1272 1633 mos
1309 1574 1562 1642 civitati,
1589 1574 1935 1654 legibusque
1960 1584 2023 1634 et
2048 1576 2263 1653 magis-

370 1668 617 1730 tratibus
656 1670 916 1749 potestus
959 1688 1068 1727 suu
1101 1668 1455 1729 redderetur.
1540 1668 1763 1749 Neque
1805 1689 1944 1730 vero
1978 1672 2262 1749 majorem

371 1784 494 1823 ene
515 1764 848 1825 ducendam
867 1764 1062 1824 fratris
1085 1784 1265 1845 quam
1289 1765 1631 1845 reipublicae
1658 1766 1943 1825 rationem
1956 1767 2261 1827 existima-

373 1862 472 1929 νίς
519 1860 642 1920 fore
668 1881 994 1941 persuasus,
1033 1870 1102 1921 ut
1119 1862 1178 1921 ei
1203 1880 1464 1941 quoque,
1491 1880 1627 1922 cum
1648 1863 1925 1931 venisset,
1950 1870 2073 1921 tam
2094 1863 2263 1939 justu

371 1966 433 2016 et
471 1957 726 2035 gloriosa
763 1958 1164 2037 probarentur.
1250 1957 1356 2029 Et,
1391 1959 1536 2037 quia
1575 1958 1719 2017 mihi
1754 1958 2127 2036 magistratus
2156 1978 2261 2019 no-

371 2072 504 2111 men
529 2052 892 2133 profuturum
927 2054 1006 2112 ad
1041 2050 1348 2112 efficienda
1382 2062 1579 2133 coepta
1611 2052 1947 2123 credebam,
1970 2052 2263 2114 dimittere

369 2148 548 2208 banc·
574 2150 1076 2228 opportunitatem
1121 2147 1299 2206 nolui.
1384 2147 1568 2213 Quod
1616 2149 1667 2207 si
1706 2148 1817 2207 tibi
1860 2167 1953 2207 res
1984 2168 2057 2207 ea
2100 2148 2265 2209 cordi

368 2242 596 2313 fuisset,
621 2262 804 2323 penes
825 2251 888 2302 te
913 2253 1068 2301 esset
1087 2242 1240 2301 tanti
1257 2244 1450 2322 operis
1476 2244 1655 2322 coepti
1680 2243 2043 2322 perfectique
2060 2243 2262 2321 gloria.

373 2340 542 2405 Quia
577 2358 718 2399 vero
755 2337 867 2397 tibi
906 2337 1245 2417 persuaderi
1277 2338 1582 2416 nequitum
1616 2347 1737 2407 est3
1781 2358 1914 2416 ego,
1953 2338 2123 2399 Urbe
2164 2360 2267 2421 per

369 2436 501 2494 vim
523 2442 840 2513 occupata,
875 2434 990 2493 hoc
1021 2433 1296 2493 affectavi
1337 2434 1540 2505 decus,
1581 2436 1913 2506 instinctus,
1940 2444 2005 2495 ut
2036 2438 2277 2517 opinor,

370 2550 658 2609 generosa
674 2530 1053 2609 cogitatione,
1091 2530 1236 2589 nihil
1261 2540 1386 2589 esse
1411 2531 1571 2610 quod
1598 2551 1705 2612 pro
1731 2533 2034 2612 republica
2068 2533 2275 2593 moliri·

370 2626 470 2687 vel
495 2646 630 2686 cum
672 2626 1004 2685 discrimine
1043 2644 1160 2685 non
1197 2634 1468 2705 oportent
1495 2636 1560 2686 et
1583 2628 1937 2699 Antonium,
1964 2637 2028 2688 et
2052 2648 2261 2689 consu·
2318 2637 2423 2689 eie.
2445 2637 2579 2691 Phil.

371 2722 512 2793 10¹³,
535 2731 596 2781 0¹²
619 2722 956 2801 progeniem
982 2722 1114 2799 ejus
1139 2718 1447 2790 Herculis,
1475 2723 1578 2801 qui
1610 2742 1759 2782 unus
1796 2723 2057 2783 omnium
2091 2724 2267 2785 labo-·
2286 2716 2361 2814 ¹¹13

371 2818 680 2879 riesissime
703 2826 910 2877 contra
931 2817 990 2875 in
987 2818 1186 2894 justas
1207 2816 1637 2878 dominationes
1662 2817 1987 2879 dimicavit.

2370 2708 2452 2753 28.

2362 2766 2451 2817 lut.

2286 2830 2463 2881 Antou.
2477 2832 2587 2880 init.

377 2952 397 2965 .,
451 2920 554 2973 23.
595 2922 614 2947 ⁶
643 2910 806 2972 Haec
829 2920 894 2972 et
914 2930 1058 2973 vera
1089 2910 1236 2972 belli
1269 2911 1448 2989 hujus
1477 2932 1679 2984 causa,
1720 2913 1767 2972 si
1793 2914 1939 2993 quid
1964 2914 2108 2977 mihi
2132 2936 2260 2975 cre·
2285 2943 2502 3009 Appium.

375 3008 490 3079 dis,
513 3016 576 3068 et
597 3007 726 3069 sola
749 3016 856 3067 est.
940 3006 1122 3067 Nihil
1161 3007 1262 3067 bic
1305 3028 1400 3067 me
1444 3007 1649 3080 frater,
1689 3008 1837 3067 nihil
1878 3018 1985 3069 aut
2018 3009 2263 3071 Manius

375 3105 582 3175 movit,
607 3113 712 3165 aut
742 3102 992 3163 Fulvia:
1028 3122 1102 3164 ne
1142 3102 1356 3163 divisio
1400 3102 1639 3183 quidem
1680 3122 1975 3182 agrorum,
2010 3114 2072 3164 et
2112 3106 2263 3185 pulsi

375 3201 832 3283 possessionibus
883 3200 1006 3259 suis
1055 3200 1413 3259 innocentes.
1499 3198 1670 3259 Nam
1720 3208 1803 3271 et,
1858 3220 1951 3259 me
2001 3210 2262 3272 auctore,

373 3297 626 3357 coloniae
647 3296 897 3357 fraterni·
913 3294 1120 3355 militis
1141 3294 1416 3355 deductae
1441 3302 1595 3355 sunt.
1675 3293 1769 3353 Tu
1804 3294 1991 3355 videri
2024 3316 2265 3357 causum

372 3412 504 3453 eam
527 3412 823 3453 armorum
846 3391 1110 3463 voluisti,
1135 3399 1205 3449 ut
1227 3397 1534 3451 veteranos
1557 3389 1671 3450 tibi
1692 3393 1825 3471 conj
1834 3411 2097 3470 ungeres,
2114 3412 2259 3473 quo-

373 3508 502 3552 rum
527 3490 770 3570 praemia
793 3508 896 3568 per
920 3506 1016 3547 me
1050 3488 1248 3547 vocari
1283 3487 1344 3546 in
1379 3487 1691 3549 discrimen
1724 3491 2029 3567 arguebas.
2115 3490 2261 3553 Hoc

373 3584 484 3643 tibi
527 3584 954 3645 vaframenmm
985 3582 1132 3643 utile
1169 3581 1248 3643 ad
1291 3582 1599 3645 victoriam
1636 3582 1784 3655 fuitg
1811 3583 1954 3643 dum
1988 3606 2023 3644 e
2054 3604 2117 3645 re
2156 3596 2263 3648 tua

374 3689 523 3751 erat,
565 3689 632 3740 ut
667 3680 888 3742 milites
921 3680 1008 3739 tui
1053 3699 1170 3751 me,
1207 3688 1490 3759 tanquam
1523 3680 1755 3741 bostem·
1789 3679 2260 3756 infensissimum,

375 3774 652 3837 odisoeut.
735 3776 830 3835 At
851 3794 1030 3847 nunc,
1065 3784 1238 3854 parta
1261 3776 1536 3845 victoria,
1563 3794 1681 3835 non
1706 3784 1797 3835 est
1822 3779 1973 3836 utin
2001 3798 2097 3836 me
2124 3779 2261 3837 hos·

371 3870 470 3932 tili
487 3872 572 3931 sis
590 3872 808 3943 animo,
835 3872 948 3930 nisi
971 3879 1034 3929 et
1057 3870 1308 3950 patriam
1331 3868 1564 3930 oderis':
1592 3889 1728 3930 nam
1748 3890 1855 3949 pro
1880 3871 2057 3948 hujus
2085 3871 2255 3931 liber-

371 3978 496 4031 tate
539 3969 702 4029 fucta
741 3966 918 4029 fuisse
941 3976 1000 4025 ‘a
1033 3984 1126 4024 me
1161 3968 1362 4026 omnia
1401 3967 1675 4044 reperies.
1757 3965 1967 4044 Atque
1996 3967 2127 4027 haec
2156 3968 2259 4028 ille

373 4086 484 4144 ego
533 4062 692 4136 dieo,
739 4064 843 4143 qui
877 4081 996 4123 non
1038 4062 1296 4121 nesciam
1336 4062 1395 4120 in
1431 4071 1536 4121 tina
1573 4080 1727 4123 nunc
1770 4068 2057 4139 potestate
2096 4084 2255 4125 esse:

373 4160 532 4221 unde
555 4160 702 4240 quid
724 4159 802 4219 de
827 4168 888 4219 te
915 4156 1314 4236 judicaverim
1339 4164 1605 4237 apparet,
1626 4154 1888 4235 quidque
1914 4176 2065 4218 nunc
2090 4162 2259 4239 Judi.

371 4276 526 4330 cem,
553 4256 716 4317 solus
741 4256 818 4345 ad
842 4264 904 4317 te
923 4254 1178 4316 veniens.
1263 4252 1384 4315 Sed
1407 4251 1484 4315 de
1507 4252 1751 4334 meipso
1775 4252 2073 4319 hacteuus.
