3159 4959
913 470 1119 517 mam
1166 468 1503 517 cxxxvl.
1549 469 2194 517 surpsssmsssruu.
2493 450 2668 515 5859

448 611 783 671 adulatione
842 630 1111 671 onerosos
1171 609 1397 671 oderat.
1502 611 1596 669 At
1645 618 1778 669 erat
1817 628 1908 667 res
1956 608 2342 666 offensionum

450 706 645 787 plena.
728 706 931 766 Nemo
958 708 1135 775 enim,
1162 708 1317 765 sieut
1340 705 1561 765 factum
1582 716 1712 764 erat
1733 705 1914 783 prius,
1933 714 2140 783 sponte
2165 702 2342 762 cede·-

448 803 591 861 bat:
634 812 695 861 et
718 810 809 862 tot
840 801 1014 861 simul
1038 810 1245 861 senatu
1274 802 1694 861 movendorum
1731 799 2013 860 invidiam
2039 800 2341 867 sustinere,

453 899 563 957 nisi
592 897 852 978 pluribus
871 899 1064 966 sociis,
1090 898 1463 956 coutebatur.
1546 896 1813 955 Tandem
1833 914 1904 954 ea
1926 896 2078 955 ratio
2097 894 2342 975 placuit,
2401 903 2600 954 sueton.

452 1002 519 1053 ut
534 1012 611 1051 ex
640 994 911 1053 omnibus
929 994 1171 1070 triginta
1194 992 1349 1051 viros
1368 992 1620 1071 optimos
1636 992 1758 1070 ipse
1771 990 2058 1067 deligeret
2070 994 2341 1069 juratus:
2369 966 2496 1081 33:0⁸·
2516 972 2602 1017 ³⁶·

452 1089 551 1168 qui
578 1090 795 1149 deinde
826 1089 1015 1167 jurati
1042 1098 1105 1148 et
1128 1089 1239 1168 ipsi
1263 1088 1592 1147 'scriberent
1619 1089 1678 1145 in
1705 1087 1932 1146 tabella
1957 1089 2198 1147 seorsim
2223 1088 2342 1145 sin-

450 1185 573 1263 guli
602 1186 867 1264 quinque
890 1184 1137 1244 aliorum
1164 1185 1421 1253 uomina,
1460 1205 1610 1263 quos
1631 1183 1842 1262 dignos
1863 1204 1938 1243 eo
1963 1183 2167 1242 ordine
2204 1204 2342 1242 cen-

448 1289 675 1346 serent3
722 1298 795 1339 ne
820 1290 1019 1339 tamen
1046 1280 1197 1337 inter
1221 1298 1325 1338 eos
1360 1280 1718 1339 necessarius
1751 1281 2062 1358 quisquam
2087 1280 2345 1339 scriben-

456 1377 535 1432 tis
575 1386 748 1434 esset.

536 1476 635 1528 38.
680 1470 825 1529 Hoc
872 1470 974 1528 ubi
1014 1468 1235 1529 factum
1280 1478 1391 1540 est,
1434 1490 1513 1529 ex
1554 1470 1798 1548 singulis
1842 1471 2122 1549 quinariis
2165 1490 2346 1528 unum

457 1572 609 1623 sorte
634 1564 828 1636 duxit,
860 1566 963 1644 qui
998 1574 1060 1624 et
1097 1574 1333 1625 senator
1369 1576 1546 1635 esset,
1574 1574 1638 1624 et
1661 1566 1814 1625 alios
1839 1567 2118 1645 quinque,
2147 1564 2348 1623 iisdem

456 1668 521 1719 ut
546 1662 763 1739 priores
790 1659 877 1719 illi
907 1660 1157 1738 legibu5‚
1185 1661 1247 1719 in
1271 1660 1497 1719 tabella
1534 1662 1879 1719 nominaret.
1929 1672 1936 1679 ’
1965 1661 2052 1719 Et
2071 1670 2348 1741 oportue-

454 1763 545 1813 rat
571 1754 809 1833 quidem
853 1756 1097 1833 triginta
1136 1775 1284 1825 esse,
1312 1766 1437 1814 tum
1480 1756 1583 1834 qui
1625 1757 1795 1835 primi
1823 1754 2076 1816 tabellas
2101 1754 2350 1839 accepe-

452 1859 604 1918 rant,
652 1859 777 1909 tum
820 1854 999 1910 etiam
1042 1854 1145 1930 qui
1185 1860 1339 1911 sorte
1380 1852 1618 1912 fuerant
1659 1852 1898 1911 educti:
1940 1854 2046 1911 sed
2089 1874 2224 1913 cum
2269 1876 2345 1915 ex

458 1954 705 2024 utroque
744 1966 987 2005 numero
1022 1966 1263 2024 peregre
1310 1947 1604 2015 abessent,
1651 1946 1756 2005 alii
1801 1946 2017 2006 delecti
2059 1958 2196 2007 sunt
2244 1952 2350 2028 qui

454 2060 657 2099 eorum
684 2040 874 2101 vicem
899 2040 1293 2118 fungerentur.
1380 2040 1527 2099 Hoc
1550 2060 1686 2099 cum
1713 2041 1792 2099 ad
1820 2041 2048 2120 aliquot
2070 2042 2200 2101 dies
2221 2043 2349 2103 fac-

454 2144 577 2194 tum
618 2144 790 2205 esset,
816 2136 1147 2215 suspicione
1171 2135 1401 2194 fraudis
1424 2145 1616 2194 motus
1643 2135 1870 2205 Caesar,
1897 2156 2088 2215 neque
2117 2138 2352 2199 tabulas

456 2231 611 2290 ultra
637 2250 815 2310 penes
854 2239 1171 2310 quaestores
1203 2250 1327 2290 esse
1370 2250 1595 2310 passus,
1633 2250 1826 2309 neque
1863 2240 2017 2291 sorte
2057 2254 2194 2293 usus
2225 2245 2348 2295 est:

456 2325 561 2389 sed
586 2346 692 2385 suo
720 2346 791 2385 ac
818 2327 1111 2406 Agrippae
1123 2327 1356 2404 judicio
1380 2338 1604 2386 ceteros
1623 2326 1852 2405 allegit,
1879 2328 2066 2388 donec
2085 2334 2352 2390 sexcenti

458 2415 841 2481 efficerentur.
922 2421 1243 2481 Trecentos
1288 2422 1612 2492 maluisset,
1649 2432 1717 2481 ut
1756 2423 1972 2481 veteris
1989 2425 2352 2504 ,reipublicae

402 2560 405 2563 .
458 2517 680 2595 species
702 2516 1061 2577 redderetur.
1147 2515 1270 2575 Sed
1298 2536 1409 2576 non
1438 2516 1700 2577 audebat
1719 2526 1812 2577 tot
1835 2518 2154 2589 offendere,
2180 2518 2354 2580 bonis

458 2631 693 2691 quoque
733 2613 791 2669 in
838 2622 1059 2671 metum
1100 2612 1483 2683 adducendis,
1510 2613 1559 2671 si
1595 2614 1790 2693 plures
1833 2614 2020 2675 multo
2052 2635 2352 2696 expunge-

458 2716 675 2776 rentur,
704 2728 883 2787 quam
916 2718 1233 2767 manerent.

540 2810 639 2863 39.
684 2802 787 2863 Sic
813 2822 1049 2883 quoque
1076 2804 1275 2863 caveri
1312 2824 1425 2863 non
1466 2806 1683 2883 potuit,
1725 2807 1866 2885 quin
1907 2805 2112 2885 aliqua
2149 2826 2354 2886 parum

460 2898 769 2957 commode
794 2898 1022 2958 fierent.
1106 2898 1407 2958 Livineius
1426 2910 1588 2959 certe
1616 2898 1910 2977 Regulus,
1949 2901 2132 2960 scissa
2163 2902 2224 2959 in
2261 2924 2353 2962 se-

463 2978 603 3053 natu
631 3003 817 3064 veste,
844 2995 1147 3053 cicatrices
1172 3002 1491 3064 ostentans,
1512 3003 1576 3052 et
1594 2996 1890 3073 stipendia
1907 3016 2016 3055 sua
2035 3016 2355 3076 exponens,

465 3107 677 3167 magna
718 3110 856 3149 cum
894 3089 1121 3149 invidia
1154 3096 1393 3167 questus
1426 3098 1519 3148 est
1554 3098 1572 3125 ⁶
1603 3110 1666 3148 se
1706 3093 1928 3150 moveri
1963 3101 2195 3164 senatu,
2220 3114 2356 3153 cum

440 3185 624 3260 ¹filius
648 3206 784 3246 suus
808 3195 869 3245 et
896 3186 1022 3256 alii,
1064 3186 1280 3265 quibus
1312 3206 1375 3244 se
1410 3194 1686 3265 proestare
1711 3205 1826 3245 non
1851 3186 2186 3257 dubitabat,
2213 3188 2358 3247 alle-

464 3285 718 3360 gantur?
801 3280 897 3342 At
914 3281 1361 3342 Aurunculeius
1402 3282 1612 3341 Paetus
1652 3282 1882 3341 veniam
1915 3283 2174 3343 exeundi
2197 3284 2354 3343 ordi-

467 3379 577 3447 nis,
606 3378 921 3459 locumque
946 3396 1114 3438 suum
1142 3378 1313 3457 patri,
1342 3378 1446 3457 qui
1472 3379 1903 3447 removebatur,
1931 3378 2140 3437 oravit.
2224 3378 2354 3439 Ita-

469 3493 583 3552 que
626 3473 968 3552 diligentius
1002 3474 1281 3553 inspectae
1322 3481 1457 3531 sunt
1502 3472 1763 3541 tabu1ae3
1811 3473 2100 3552 motisque
2143 3474 2356 3535 iterum

470 3572 624 3640 aliia,
654 3570 753 3629 alii
778 3570 1096 3629 substituti.
1179 3567 1333 3627 Tum
1359 3568 1539 3626 etiam
1560 3569 1704 3646 quia
1729 3567 1996 3628 nonnulli
2021 3572 2215 3630 causis
2239 3591 2354 3631 non

472 3666 957 3746 improbabilibus
973 3666 1189 3743 injuria
1206 3684 1269 3722 se
1296 3674 1549 3724 remotos
1566 3664 1963 3742 querebantur
1984 3686 2002 3732 ;
2048 3665 2240 3724 locum
2265 3667 2360 3726 his

474 3764 623 3821 inter
644 3768 945 3819 senatores
968 3759 1125 3818 ludis
1150 3758 1455 3839 epulisque
1481 3760 1539 3817 in
1576 3767 1739 3817 veste
1764 3756 2077 3829 senatoria,
2105 3770 2168 3819 et
2186 3781 2356 3821 recu-

472 3856 719 3938 perandi
742 3855 964 3915 ordinis
987 3874 1169 3915 causa
1192 3856 1443 3914 honores
1462 3864 1661 3934 petere
1685 3857 1974 3915 concessit
1993 3856 2213 3917 Oaesar.
2258 3856 2362 3917 Ita

473 3954 737 4035 plerique
778 3954 985 4010 horum
1020 3951 1229 4009 iterum
1272 3952 1331 4009 in
1376 3960 1643 4009 senatum
1681 3950 1918 4011 allecti:
1959 3955 2140 4011 ceteri
2165 3953 2359 4014 medio

478 4050 735 4130 quodam
762 4048 913 4107 inter
937 4046 1223 4127 populum
1252 4054 1561 4126 patresque
1588 4045 1720 4107 loco
1758 4056 1993 4106 aetatem
2018 4060 2356 4126 exegerunt.

554 4156 653 4207 40.
700 4146 849 4205 Erat
870 4146 1109 4204 omnino
1134 4164 1206 4203 ea
1233 4163 1346 4213 ree,
1374 4156 1507 4222 quae
1538 4130 1852 4203 multorum
1893 4144 2116 4204 animos
2153 4146 2226 4205 ad
2253 4168 2356 4207 cu-

466 4242 715 4320 juslibet
768 4240 1041 4303 facinoris
1094 4238 1402 4301 audaciam
1451 4249 1843 4319 exasperaret.
1929 4236 2024 4301 Eo
2076 4242 2362 4323 promtius
