3159 4959
537 400 710 469 5566
1063 408 1076 415 ·
1497 416 1566 461 τ.
1614 414 1803 463 mvn

865 578 1150 629 reversus,
1177 558 1528 617 munitiones
1547 557 1827 626 absolvit,
1854 556 2029 625 fossis
2058 554 2375 616 altitudine
2412 564 2595 637 atque
2635 557 2777 617 lati—

867 656 1066 715 tudine
1095 656 1336 734 triginta
1363 654 1599 735 pedum,
1628 655 2001 733 turribusque
2038 653 2249 731 ligneis
2288 652 2453 712 mille
2481 654 2773 732 quingen-

868 754 967 825 tis,
997 774 1111 813 non
1157 754 1347 813 minus
1392 751 1705 830 diligenter
1748 750 2029 811 adversus
2068 750 2359 811 soluturos
2383 750 2775 821 obsidionem,

869 870 1048 929 quam
1077 849 1356 908 adversus
1377 848 1645 933 obsessos
1670 848 1971 909 institutis.

951 950 1050 1004 35.
1096 944 1259 1005 Dum
1297 945 1412 1004 ista
1435 946 1682 1005 diversis
1716 944 1865 1005 locis
1900 952 2172 1024 aguntur,
2208 943 2429 1003 crebrae
2476 942 2777 1003 Antonia-

873 1058 1077 1099 norum
1121 1042 1456 1122 eruptiones
1495 1040 1697 1111 factae,
1730 1041 1917 1101 multo
1958 1041 2251 1119 utrimque
2296 1040 2603 1117 sanguine,
2632 1037 2779 1097 dum

873 1137 1042 1197 miles
1068 1136 1322 1197 Caesaris
1347 1137 1662 1197 missilibus
1703 1138 1919 1217 potior,
1963 1136 2353 1215 gladiatorum
2399 1134 2654 1195 audacia
2674 1154 2778 1195 eo-

580 1230 645 1277 Su
647 1237 760 1276 eum
731 1244 778 1277 ¹²·
873 1235 1064 1293 minus
1111 1233 1456 1295 trucidatur.
1543 1232 1740 1293 Semel
1796 1236 1975 1293 etiam
2022 1234 2416 1314 propinquum
2466 1232 2777 1293 discrimen

551 1292 704 1407 ,Αιυᾶ
715 1296 791 1343 Μ
865 1329 1188 1409 imperator
1224 1330 1394 1401 adiit,
1449 1331 1591 1390 dum
1642 1331 1803 1391 circa
1850 1350 2045 1389 mums
2092 1328 2415 1399 sacrificat,
2470 1330 2781 1409 repentina

873 1426 1264 1503 gladiatorum
1292 1428 1595 1507 eruptione
1632 1446 1799 1508 poene
1836 1446 2165 1508 oppressus.
2250 1424 2372 1485 Sed
2408 1446 2483 1485 ea
2508 1446 2602 1485 res
2626 1424 2781 1485 fidu-

875 1524 1026 1583 ciam
1054 1523 1240 1601 magis
1265 1542 1445 1602 quam
1467 1530 1687 1582 metum
1714 1523 1965 1603 peperit,
1986 1542 2065 1583 ex
2088 1523 2459 1603 haruspicum
2484 1542 2782 1603 responso.

879 1619 1064 1685 Quod
1089 1621 1244 1678 enim
1271 1618 1534 1680 infelicia
1557 1628 1703 1679 exta
1728 1620 1999 1700 rapta-ab
2024 1620 2275 1680 obsessis
2290 1619 2549 1690 fuerant,
2569 1628 2787 1679 cuncta

751 1793 758 1799 ·
879 1734 1014 1793 quae
1041 1714 1398 1775 sacrificanti
1423 1716 1611 1775 tristia
1635 1716 1987 1775 denuntiata
2011 1724 2226 1786 essent,
2268 1717 2328 1774 in
2367 1736 2469 1775 eos
2512 1734 2787 1775 recasura

549 1821 761 1886 Appiam
878 1809 1250 1881 dicebantur,
1283 1811 1385 1891 qui
1431 1820 1575 1871 exta
1618 1812 1919 1872 haberent.
2001 1810 2139 1871 Jam
2167 1812 2348 1872 etiam
2373 1811 2561 1871 sames
2590 1813 2649 1871 in
2676 1831 2785 1892 op-

884 1906 1025 1986 pido
1071 1927 1196 1966 esse
1256 1916 1536 1987 coeperat,
1596 1906 1875 1967 adversus
1931 1908 2370 1988 inexpectatum
2420 1906 2787 1967 obsidionem

885 2003 1121 2062 minime
1170 2002 1413 2083 provisis
1452 2003 1659 2084 copiis.
1746 2003 1842 2063 Eo
1890 2004 2083 2063 acrius
2118 2004 2271 2084 ipsa,
2294 2023 2428 2083 quae
2478 2002 2789 2063 Kalendas

885 2096 1200 2158 Januarias
1226 2099 1557 2170 antecessit,
1586 2108 1761 2158 nocte
1802 2108 2029 2159 tentata
2064 2100 2297 2179 eruptio
2320 2108 2431 2170 est,
2458 2106 2521 2157 et
2544 2099 2621 2159 ad
2651 2119 2787 2179 por:-

885 2202 980 2253 tas
1003 2214 1242 2275 operum
1269 2196 1358 2255 vis
1379 2194 1563 2266 facta,
1592 2204 1677 2265 ut,
1701 2195 1789 2254 his
1814 2195 2123 2275 perruptis,
2154 2194 2401 2266 auxilia,
2428 2214 2563 2274 quae
2588 2195 2793 2255 multis

888 2290 1034 2350 locis
1073 2312 1134 2351 se
1189 2291 1603 2363 ostendebant,
1655 2292 2191 2354 intromitterentur.
2278 2290 2402 2351 Sed
2448 2300 2791 2353 accurrente

883 2386 1142 2465 legione,
1171 2408 1349 2467 quam
1379 2390 1438 2447 in
1479 2389 1751 2469 proximo
1792 2397 2077 2447 statuerat
2120 2386 2347 2458 Caesar,
2386 2388 2627 2468 ipsoque
2654 2410 2791 2449 cum

890 2484 1178 2560 praetoriis
1195 2484 1216 2519 ³
1245 2484 1612 2551 cohortibus,
1640 2492 1773 2561 post
1794 2484 2109 2543 vehemens
2132 2492 2429 2555 certamen
2457 2484 2794 2543 Antoniani

891 2588 1362 2639 retrocesserunt.
1431 2578 1559 2638 Per
1583 2578 1821 2638 eosdem
1849 2578 1979 2638 dies
2002 2581 2182 2639 etiam
2208 2578 2471 2639 Romam
2496 2578 2796 2658 affligente

893 2674 1071 2745 fame,
1099 2694 1234 2734 cum
1261 2676 1320 2734 in
1347 2696 1510 2735 usum
1535 2675 1680 2735 belli
1710 2675 2065 2735 frumentum
2104 2686 2595 2756 comparceretur,
2622 2677 2798 2758 plebs

885 2771 1117 2847 jejuna,
1142 2772 1202 2829 vi
1229 2771 1485 2831 effractis
1504 2770 1801 2842 domibus,
1823 2772 1979 2851 quod
2006 2781 2134 2831 erat
2160 2774 2459 2832 inventum
2484 2771 2753 2853 diripuit.

977 2872 1076 2925 36.
1122 2866 1351 2927 Eodem
1395 2888 1548 2928 anno
1581 2886 1881 2946 magnum,
1926 2867 2011 2928 uti
2048 2867 2327 2938 diximus,
2372 2869 2794 2928 incrementum

606 2972 818 3048 Appium.
898 2960 1070 3021 Sexti
1113 2963 1375 3043 potentia
1415 2965 1527 3023 hoc
1569 2963 1829 3022 maxime
1874 2962 2049 3022 modo
2093 2964 2269 3043 cepit.
2355 2962 2598 3022 Cassius
2634 2962 2795 3023 Par-

578 3038 687 3088 α’·
705 3053 816 3086 '⁰²¹¹
817 3038 873 3086 ᾔ·
897 3058 1108 3118 mensis
1143 3060 1409 3120 tribunus
1444 3060 1701 3120 militum
1738 3058 1815 3119 ad
1850 3059 2217 3137 colligendas
2242 3061 2523 3139 pecunias
2548 3061 2609 3120 in
2636 3060 2794 3121 Asia

898 3174 1034 3215 cum
1071 3158 1336 3217 exercitu
1367 3165 1429 3216 et
1461 3157 1649 3216 classe
1694 3156 1955 3223 relictus,
1984 3155 2193 3215 audita
2234 3166 2418 3215 morte
2456 3156 2677 3227 Cassii,
2716 3156 2794 3217 de

902 3250 1093 3311 Bruto
1131 3274 1246 3313 non
1273 3253 1609 3333 desperans,
1640 3251 1881 3329 triginta
1916 3249 2293 3311 Rhodiorum
2332 3253 2593 3312 triremes
2632 3252 2796 3311 dele-

899 3359 1087 3425 gerat,
1135 3370 1284 3428 quas
1322 3359 1450 3407 erat
1491 3348 1873 3429 impleturus:
1920 3348 2145 3407 exustis
2178 3347 2421 3427 reliquis
2460 3357 2667 3429 praeter
2700 3368 2797 3408 sa·-

900 3460 1062 3502 cram
1101 3444 1392 3514 omnibus,
1419 3462 1492 3502 ne
1537 3462 1630 3502 res
1670 3462 1886 3503 novare
1924 3440 2154 3502 Rhodii
2190 3450 2443 3523 possent.
2528 3442 2683 3503 Cum
2710 3444 2802 3503 his

904 3542 1104 3620 igitur,
1131 3549 1192 3600 et
1228 3561 1376 3619 quas
1399 3550 1576 3601 antea
1598 3542 1909 3611 babuerat,
1938 3548 2199 3611 evectus,
2226 3559 2343 3599 non
2370 3548 2565 3599 tamen
2592 3560 2799 3601 occur-

903 3657 1028 3699 rere
1073 3646 1209 3697 ante
1255 3638 1432 3697 finem
1478 3637 1652 3697 Bruti
1693 3638 1905 3717 potuit.
2000 3636 2243 3697 Interea
2284 3646 2345 3695 et
2383 3635 2655 3706 Clodius,
2698 3640 2801 3716 qui

906 3737 1110 3795 missus
1160 3754 1198 3793 a
1239 3733 1428 3793 Bruto
1470 3733 1757 3795 Rhodum
1799 3753 1937 3793 cum
1976 3734 2229 3793 navibus
2266 3732 2545 3791 tredecim
2584 3731 2800 3804 fuerat,

907 3840 1042 3892 cum
1067 3830 1449 3892 rebellantem
1477 3832 1725 3891 insulam
1748 3832 2086 3902 invenisset,
2114 3828 2330 3889 educto
2356 3828 2492 3889 inde
2520 3827 2801 3889 Romano

911 3929 1198 4009 praesidio,
1229 3929 1386 4009 quod
1409 3938 1538 3989 erat
1556 3930 1729 3988 trium
1749 3926 2001 3987 millium
2028 3933 2405 3995 armatorum,
2432 3926 2509 3985 ad
2533 3924 2803 3985 Cassium

1073 4158 1101 4201 3
1139 4153 1456 4202 Praenestini·
1477 4152 1599 4203 edd.
1625 4160 1746 4204 ante
1769 4153 1923 4203 Crev.
1988 4151 2068 4201 Ex
2096 4148 2236 4213 App.
2270 4148 2475 4199 emend.
2500 4148 2652 4199 Crer.
