3159 4959
593 831 678 894 ΑΡ
710 829 724 842 .
791 859 808 876 ο

559 894 668 943 Civ.
739 908 856 954 Υ.Ρ.

554 962 670 1007 no.
684 956 868 1006 etDio.'

559 1020 774 1086 Appian.

549 2068 644 2116 Liv
615 2067 814 2142 nEpit.

551 2129 760 2195 Appian.

575 3309 673 3359 Dio
693 3320 747 3359 et

539 3374 750 3439 Appi-n.

1462 394 1532 443 Τ.
1586 392 1775 441 mvn

875 534 950 593 tis
973 533 1200 594 auxilio
1223 536 1414 593 victus
1445 542 1619 605 emet,
1662 534 1805 593 exul
1840 532 1915 593 ad
1956 532 2048 591 M.
2076 532 2407 591 Antonium
2432 550 2496 592 se
2520 535 2761 615 recepit.

875 628 943 688 A
970 629 1207 689 Caesare
1233 628 1480 689 Boccho
1501 648 1745 707 regnum
1770 626 1931 707 quod
1945 637 2333 707 occupaverat
2352 628 2765 689 confirmatum

875 733 998 792 est,
983 746 998 761 ·
1043 725 1370 801 Tingitanis
1393 724 1605 783 civitas
1628 722 1791 783 data.

954 825 1015 878 6.
1059 818 1280 898 Neque
1303 818 1408 878 diu
1435 828 1568 897 post
1606 818 1761 878 male
1794 827 1955 879 sarta
1980 819 2127 878 inter
2155 817 2513 897 Pompeium
2536 828 2599 880 et
2624 819 2765 879 Οε-

877 933 1062 973 sarem
1087 914 1278 991 gratia
1303 913 1546 973 rescissa
1577 922 1690 984 est,
1716 914 1877 973 haud
1902 913 2081 974 dubie
2102 932 2311 973 causas
2334 922 2629 993 quaerente
2656 936 2766 995 po-

875 1011 1014 1081 tius,
1056 1029 1236 1089 quam
1274 1018 1405 1068 orto
1451 1030 1528 1067 ex
1569 1008 1810 1078 oblatis,
1856 1008 2009 1068 odio.
2095 1007 2217 1067 Sed
2252 1009 2546 1068 Achaiam
2574 1010 2765 1070 Pom—

876 1106 1042 1184 peius
1069 1122 1220 1183 aegre
1246 1103 1477 1164 ferebat
1499 1104 1579 1162 ab
1603 1103 1871 1163 Antonio
1890 1103 2137 1164 detineri
2158 1112 2447 1183 pretextu
2472 1106 2764 1185 pecuniae,

875 1221 1056 1280 quam
1080 1201 1196 1260 sibi
1227 1199 1430 1259 deberi
1459 1219 1498 1259 a
1521 1200 1979 1279 provincialibus
2008 1198 2112 1259 ille
2148 1199 2580 1259 contendebat:
2622 1222 2762 1262 eon·

876 1304 968 1356 tra
993 1296 1317 1375 Pompeius
1343 1294 1450 1355 illa
1475 1315 1711 1375 quoque
1734 1294 1939 1353 debita
1974 1294 2145 1353 simul
2170 1314 2305 1354 cum
2330 1296 2633 1373 provincia
2656 1296 2765 1356 foe-

873 1392 1031 1451 deris
1072 1390 1300 1469 legibus
1338 1392 1452 1449 sibi
1493 1409 1776 1451 concessa
1818 1389 2325 1469 interpretabatur.
2409 1390 2603 1468 Igitur
2640 1393 2769 1453 sive

875 1486 987 1545 hac
1013 1495 1204 1545 motus
1227 1485 1462 1564 injuria,
1483 1486 1632 1555 sive,
1658 1494 1727 1543 ut
1762 1485 1965 1545 Caesar
1998 1484 2335 1555 dictitabat,
2374 1484 2605 1569 ingenio
2630 1505 2763 1565 per-

875 1579 1047 1650 fidus,
1093 1590 1156 1640 et
1203 1581 1534 1641 Menodoro
1579 1580 1823 1640 credens
1868 1579 2135 1639 inducias
2172 1600 2273 1639 eas
2322 1582 2539 1660 potius,
2582 1601 2765 1659 quam

871 1693 1078 1753 pacem
1101 1675 1432 1735 habendam
1463 1674 1780 1745 dictitanti,
1815 1676 1936 1735 sive
1976 1694 2130 1753 aegre
2178 1674 2371 1733 ferens
2414 1674 2533 1733 illis
2570 1684 2767 1735 tantos

869 1790 998 1831 esse
1021 1773 1354 1843 exercitu„
1399 1792 1740 1853 comparare
1770 1792 1953 1833 novas
1987 1791 2187 1843 naves,
2212 1771 2469 1849 deligere
2494 1774 2765 1851 remiges,

869 1879 934 1929 et
971 1868 1052 1930 ad
1087 1870 1410 1929 exercitum
1439 1870 1524 1929 ita
1549 1870 1883 1929 concionari
1908 1869 2109 1947 coepit,
2140 1876 2205 1927 ut
2230 1868 2451 1945 majore
2476 1877 2767 1947 apparatu

867 1965 982 2024 sibi
1007 1984 1155 2044 opus
1198 1984 1322 2023 esse
1358 1963 1601 2024 diceret.
1684 1961 1853 2023 Inter
1886 1964 2013 2021 haec
2058 1972 2121 2022 et
2164 1964 2383 2041 piratae
2414 1983 2492 2022 ex
2537 1962 2767 2025 insidiis

869 2058 1224 2119 infestabant
1263 2080 1422 2119 mare
1449 2058 1825 2128 clanculum;
1872 2066 1940 2119 ut
1977 2058 2079 2119 vix
2110 2058 2323 2119 sentire
2359 2057 2623 2117 levamen
2652 2079 2761 2139 po-

866 2155 1042 2232 pulus
1064 2155 1238 2217 famis
1261 2164 1480 2236 posset,
1507 2155 1803 2235 vulgoque
1820 2158 2223 2234 jactaretur,‘
2255 2172 2371 2213 non
2398 2173 2523 2213 esse
2544 2154 2757 2233 quasi-

868 2260 992 2310 tum
1016 2270 1090 2309 ea
1115 2270 1262 2330 pace
1283 2250 1549 2310 laborum
1581 2249 1781 2320 finem,
1808 2249 1913 2309 sed
1941 2248 2347 2309 tantummodo
2369 2250 2558 2309 tribus
2569 2248 2762 2311 domi—

867 2347 957 2404 nis
1006 2356 1279 2423 quartum
1329 2346 1683 2407 accessisse.’
1780 2344 1904 2405 Sed
1953 2344 2207 2424 correpti
2260 2343 2502 2423 quidam
2551 2346 2759 2425 piratoe

865 2441 1141 2517 tortique,
1177 2451 1476 2501 auctorem
1502 2441 1863 2518 Pompeium
1886 2438 2217 2499 ediderunt.
2300 2438 2509 2518 Atque
2533 2439 2761 2501 indica-

867 2536 956 2594 vit
980 2554 1112 2592 eam
1141 2552 1264 2592 rem
1289 2534 1512 2614 populo
1545 2532 1771 2603 Caesar,
1813 2542 1875 2590 et
1912 2552 2046 2592 cum
2087 2534 2381 2613 Pompeio
2414 2554 2519 2613 per
2558 2534 2761 2595 literas

868 2639 1110 2708 questus
1137 2639 1244 2689 est.
1331 2628 1450 2689 Ille
1477 2647 1732 2708 purgans
1754 2648 1815 2687 se
1850 2626 1927 2686 de
1950 2629 2191 2707 objecto
2212 2628 2477 2699 crimine,
2500 2630 2763 2691 vicissim

868 2722 1167 2783 Achaiam
1191 2726 1306 2784 sibi
1351 2744 1466 2782 non
1508 2723 1736 2783 restitui
1778 2733 1840 2784 et
1884 2725 1962 2783 ab
2005 2722 2277 2785 Antonio
2315 2726 2519 2785 vexari
2540 2744 2757 2805 expro—

867 2819 1079 2878 bravit.

945 2920 1005 2977 ⁷.
1052 2913 1209 2972 Cum
1235 2914 1294 2971 in
1319 2932 1393 2972 eo
1417 2904 1510 2973 res
1536 2923 1752 2984 essent,
1780 2933 2054 2992 magnum
2078 2913 2425 2974 maturando
2450 2914 2613 2975 bello
2636 2936 2758 2975 mo·

865 3017 1124 3067 mentum
1166 3006 1532 3068 Menodorus
1571 3008 1793 3078 attulit,
1828 3018 2067 3087 repente
2104 3008 2181 3067 ad
2231 3007 2527 3069 Cesaram
2568 3020 2757 3071 trans-

863 3124 1090 3182 gressus
1129 3103 1220 3162 his
1255 3104 1466 3165 causis.
1552 3104 1895 3166 Potentiam
1935 3105 2185 3163 hominis
2228 3105 2521 3181 aegerrime
2565 3108 2755 3186 patie-

863 3200 1078 3261 bantur
1137 3209 1428 3279 quotquot
1465 3207 1867 3259 remanserant
1904 3198 2065 3279 apud
2105 3199 2465 3279 Pompeium
2504 3202 2754 3285 nobiles.

865 3294 986 3355 Sed
1023 3296 1411 3355 adolescentis
1451 3315 1623 3355 aures
1656 3295 1797 3355 solis
1830 3295 2059 3355 libertis
2082 3302 2281 3375 patere
2305 3297 2497 3373 gnari,
2523 3297 2758 3377 aliquos

859 3410 936 3448 ex
973 3409 1046 3448 eo
1079 3410 1289 3467 genere
1333 3389 1710 3460 induxerunt,
1748 3400 1815 3450 ut
1852 3390 2243 3451 Menodorum
2278 3392 2465 3451 veluti
2508 3400 2754 3473 patrono

857 3488 1238 3566 imperantem
1271 3484 1731 3545 criminarentur.
1818 3487 2027 3566 Atque
2062 3487 2154 3546 illi
2178 3487 2337 3567 quod
2368 3489 2522 3547 ultro
2555 3488 2753 3549 facere

859 3600 962 3659 per
997 3582 1280 3641 invidiam
1317 3582 1685 3661 cupiverant,
1722 3602 1859 3643 cum
1894 3602 2127 3642 assensu
2165 3591 2458 3643 tantorum
2494 3586 2751 3645 virorum

857 3684 922 3735 et
938 3676 1176 3755 praemio
1195 3675 1454 3736 facturos
1471 3677 1605 3747 rati,
1626 3678 2035 3737 occasionibus
2054 3696 2169 3737 non
2186 3677 2517 3738 defuerunt.
2572 3678 2750 3739 Forte

857 3781 920 3831 et
943 3772 1204 3851 alioquin
1227 3774 1617 3852 suspicionem
1642 3774 1873 3853 patroni
1901 3772 2116 3831 Menas
2143 3774 2482 3844 incurrerat,
2507 3770 2749 3833 Heleno

856 3869 1116 3941 dimisso,
1146 3868 1356 3929 liberto
1384 3868 1662 3940 Caesaris,
1688 3869 2109 3947 colloquioque
2137 3868 2417 3949 deinceps
2448 3888 2585 3929 cum
2618 3870 2746 3948 ipso

857 3963 1092 4024 Caesare
1142 3964 1364 4023 habito.
1464 3962 1724 4036 Idcirco,
1772 3964 1957 4023 missis
2001 3962 2373 4041 quibusdam,
2423 3963 2747 4043 Pompeius

852 4058 1054 4121 adesse
1081 4060 1158 4119 ad
1185 4062 1437 4121 rationes
1459 4058 1730 4121 frumenti
1760 4060 2140 4141 pecuniaeque
2166 4057 2585 4123 administratae
2610 4058 2747 4143 red·

851 4152 1076 4213 dendus
1097 4157 1300 4232 jussit.
