3159 4959
543 330 718 396 ⁵574

1380 350 1386 357 ·
1508 330 1603 391 ἰη’
1626 342 1821 392 mvn

871 507 1034 548 arum
1059 496 1297 547 cantum
1323 466 1733 557 movebantur,
1770 485 1989 546 fistulis
2028 485 2209 544 etiam
2238 492 2301 544 et
2324 483 2569 543 citharis
2595 476 2787 541 molle

869 584 1428 663 interstrepentibus.
1511 580 1637 641 Illa
1660 584 1771 642 sub
1798 582 2075 653 tentorio,
2112 579 2273 660 quod
2306 580 2599 639 intextum
2630 598 2789 638 auro

869 687 1020 749 erat,
1061 680 1366 749 recubans,
1403 686 1615 737 ornatu
1647 677 1933 757 cultuque
1961 676 2260 736 Venerem
2286 675 2789 755 repraesentabat,

871 774 1198 833 astantibus
1221 776 1514 852 utrimque
1540 775 1758 854 pueris,
1785 771 2209 852 ventulumque
2237 770 2613 841 facientibus,
2643 770 2789 829 Cu-

874 870 1142 953 pidinum
1161 870 1388 929 habitu.
1473 868 1599 930 Sed
1624 879 1689 930 et
1712 868 1947 929 ancillae
1983 869 2289 949 proeetanti
2329 866 2540 938 forma,
2568 886 2787 945 quem-

873 965 1190 1028 admodum
1219 964 1450 1027 Gratim
1477 976 1540 1025 et
1564 965 1867 1026 Nereides
1892 967 2211 1045 pinguntur
2238 966 2494 1034 amietae,
2536 972 2785 1044 propter

877 1062 1340 1142 gubernaculum
1374 1071 1480 1123 aut
1512 1061 1789 1122 rudentes
1827 1062 2085 1121 stabant.
2170 1060 2571 1141 Quacumque
2612 1060 2789 1119 inve-

875 1159 1132 1230 heretur,
1185 1160 1329 1240 ripae
1377 1156 1672 1218 suffituum
1724 1157 2089 1237 odorumque
2136 1156 2461 1235 fragrantia
2516 1154 2791 1235 comple-

880 1257 1116 1316 bantur.
1198 1254 1418 1334 Igitur,
1443 1254 1612 1315 velut
1628 1254 1952 1315 fascinatus
1974 1272 2099 1333 proe
2124 1251 2523 1312 delectatione
2550 1252 2789 1322 animis,

881 1348 1180 1411 Venerem
1208 1350 1286 1410 ad
1315 1350 1624 1411 Bacchum
1645 1370 1753 1432 pro
1774 1350 1965 1411 salute
1988 1350 2169 1409 totius
2194 1348 2365 1409 Asiae
2388 1357 2787 1409 comessatum

884 1448 1082 1507 venire
1097 1448 1487 1527 jactitabant.
2371 1514 2377 1519 ,

967 1550 1026 1603 8.
1071 1541 1338 1604 Invitata
1373 1542 1450 1603 ad
1483 1560 1710 1601 coenam
1740 1542 1821 1601 ab
1848 1540 2141 1611 Antonio,
2170 1542 2364 1621 ipsum
2393 1540 2593 1621 potius
2616 1540 2697 1599 ad
2724 1562 2791 1600 se

876 1639 1056 1715 jussit
1095 1638 1420 1699 accedere:
1459 1648 1524 1698 et
1562 1638 1760 1718 paruit
1800 1636 1928 1708 ille,
1966 1647 2033 1698 ut
2076 1656 2305 1697 comem
2342 1656 2407 1696 se
2454 1645 2633 1716 atque
2676 1638 2791 1696 hu-

591 1742 774 1790 Athen.
791 1754 865 1789 xv.
887 1754 1126 1795 manum
1161 1734 1516 1795 ostenderet.
1604 1734 1797 1794 Erant
1836 1742 2125 1815 apparata
2158 1733 2357 1793 omnia
2396 1733 2557 1811 regio
2590 1732 2747 1793 fastu
2776 1754 2791 1793 :

569 1811 650 1857 11.

573 2134 708 2186 Plut.

574 2420 756 2473 Athen.

588 3378 720 3429 Plut.

585 3574 770 3626 Athen.

887 1852 1032 1894 vasa
1051 1852 1196 1893 auro
1223 1832 1580 1911 gemmisque
1603 1830 1921 1901 radiantia,
1952 1828 2237 1889 nobilium
2260 1827 2553 1889 artificum
2575 1850 2790 1910 opera;·

890 1930 1196 2009 purpureis
1220 1927 1446 1998 aulaeis,
1477 1946 1621 1986 auro
1646 1928 1904 1996 intexto,
1926 1925 2171 1985 obducti
2200 1926 2489 2005 parietem
2534 1926 2797 1985 triclinia

779 2044 794 2059 ·
892 2022 1206 2091 duodecim
1229 2043 1366 2084 cum
1392 2022 1580 2083 lectis.
1666 2022 1793 2082 His
1824 2022 2065 2102 excepit
2100 2022 2435 2082 Antonium
2461 2032 2525 2082 et
2548 2024 2793 2093 amieos,

895 2130 1187 2202 quotquot
1205 2121 1262 2180 ei
1288 2120 1593 2201 placuerat
1616 2119 1929 2179 adducere.
2014 2118 2137 2179 Sed
2164 2118 2469 2178 Antonius
2496 2118 2643 2179 nihil
2670 2127 2795 2179 tam

895 2216 1216 2278 admiratus
1257 2236 1406 2289 esse,
1453 2236 1633 2298 quam
1672 2215 2063 2296 frequentiam
2107 2223 2169 2274 et
2210 2214 2657 2295 dispositionem
2705 2214 2796 2273 lu-

895 2314 1170 2383 minum,²
1205 2312 1445 2383 dicitur,
1481 2314 1675 2373 varias
1710 2312 1928 2391 figuras
1952 2331 2169 2390 magno
2194 2310 2446 2371 artificio
2482 2332 2799 2392 reprimen-

896 2411 1168 2469 tautium.
1234 2406 1524 2468 Laudanti
1551 2410 1767 2486 reginae
1794 2408 2318 2487 magnificentiam,
2346 2408 2451 2466 illa
2470 2409 2798 2481 subridens,

898 2514 916 2541 ‘
961 2502 1166 2574 Haec,'
1217 2504 1431 2583 inquit,
1485 2511 1503 2540 ‘
1541 2506 1743 2563 omnia
1783 2505 1891 2563 tibi
1934 2503 2117 2575 dono,
2169 2506 2507 2585 imperator,
2554 2515 2621 2564 ut
2664 2526 2813 2581 cras,

895 2602 1106 2661 iterum
1133 2620 1357 2661 mecum
1380 2600 1613 2661 eoenesl
1690 2600 1845 2659 Tum
1868 2621 2008 2661 vero
2026 2602 2113 2661 sic
2138 2603 2417 2661 instruxit
2438 2603 2801 2673 convivium,

899 2705 967 2756 ut
1005 2696 1276 2755 hesterna
1315 2714 1437 2775 prae
1478 2696 1568 2754 his
1609 2715 1791 2777 parva
1832 2707 1893 2756 et
1928 2698 2199 2775 vulgaria
2232 2696 2589 2757 viderentur.
2672 2698 2803 2758 Ite÷

901 2811 1148 2872 rumque
1188 2790 1278 2852 illi
1303 2802 1503 2853 cetera
1527 2795 1727 2853 omnia
1767 2792 1967 2863 dedit3
2012 2795 2220 2853 amicis
2244 2804 2441 2854 autem
2468 2797 2599 2874 ejus
2624 2804 2803 2875 atque

901 2888 1177 2958 ducibus,
1221 2888 1410 2949 lectos
1445 2890 1502 2947 in
1539 2890 1757 2969 quibus
1792 2890 2213 2961 accubueram,
2258 2909 2395 2949 cum
2436 2889 2665 2969 poculis
2707 2899 2806 2951 au-

901 2984 1036 3054 reis,
1078 2984 1296 3064 quibus
1339 2985 1731 3046 ministratum
1782 2986 1999 3064 cuique
2044 2984 2257 3044 fuerat.
2344 2984 2805 3047 Discedentibus

853 3140 858 3143 .
904 3078 1116 3139 deinde
1144 3100 1250 3162 pro
1272 3080 1561 3160 dignitate
1600 3083 1886 3161 cujusque
1930 3081 2142 3161 partim
2180 3078 2425 3140 lecticas
2454 3102 2589 3141 cum
2634 3082 2801 3143 lecti-

905 3176 1077 3235 cariis
1102 3177 1269 3238 dedit
1292 3178 1472 3250 dono,
1517 3179 1813 3260 plerisque
1839 3198 2025 3257 equos
2047 3197 2181 3237 cum
2210 3179 2501 3256 argenteis
2528 3178 2806 3259 phaleris,

907 3293 1116 3351 pueros
1142 3284 1340 3335 autem
1366 3275 1681 3356 AEthiopas
1708 3275 1788 3335 ad
1814 3273 2253 3354 praelucendum
2280 3276 2570 3335 omnibus,
2651 3274 2807 3334 Tum

905 3369 1161 3429 vicissim
1213 3371 1452 3451 excepit
1501 3390 1635 3430 eam
1696 3369 2017 3441 Antonius,
2080 3391 2352 3452 superare
2405 3374 2565 3431 nisus
2612 3373 2806 3453 splen-

905 3464 1108 3526 dorem
1136 3476 1198 3526 et
1221 3466 1574 3546 elegantiam
1602 3468 1852 3546 reginae:
1896 3468 2001 3527 sed
2026 3477 2275 3547 utroque
2302 3469 2563 3540 inferior,
2590 3470 2809 3549 primus

906 3562 965 3619 in
993 3582 1176 3621 coenae
1201 3582 1324 3622 suae
1348 3562 1547 3623 sordes
1571 3573 1636 3624 et
1657 3564 2041 3625 rusticitatem
2061 3564 2309 3625 dicteria
2317 3567 2489 3643 jecit.
2575 3566 2811 3632 Quarto

903 3655 1004 3716 die
1047 3657 1304 3717 vicissim
1343 3658 1501 3739 apud
1543 3679 1675 3719 eam
1716 3670 1983 3720 coenante
2022 3660 2297 3720 Antonio
2322 3662 2508 3721 solum
2548 3672 2807 3721 conster-

909 3753 1163 3815 nendum
1211 3756 1354 3815 rosis
1390 3755 1469 3815 ad
1511 3757 1885 3818 altitudinem
1928 3758 2113 3817 cubiti
2149 3759 2415 3827 curavit:
2460 3760 2562 3839 qui
2606 3759 2811 3818 harum

908 3851 1145 3929 copiam
1169 3851 1664 3932 suppeditassent,
1706 3874 1821 3915 non
1836 3856 1969 3933 jam
2008 3854 2283 3926 nummis,
2327 3854 2431 3915 sed
2460 3854 2810 3916 talentis're-

912 3966 1240 4006 munerans.

913 4142 1202 4257 εἶὲν-ῥιπῇ
1224 4145 1464 4197 hominum
1475 4148 1825 4213 frequentiam,
1846 4156 1892 4201 et
1924 4152 2279 4215 dispositionem·
2296 4152 2528 4201 luminum
2550 4150 2670 4201 cdd.
2695 4160 2815 4203 ante
