3159 4959
834 442 1037 489 mmu
1088 440 1423 489 cxxxiv.
1470 442 1559 489 SU
1574 442 1706 489 91³1,
1721 442 1814 489 EM
1832 444 2108 493 ssN'ruM.

370 594 441 643 ut
482 592 577 641 tot
616 581 939 642 exantlatis
982 583 1285 642 laboribus
1319 581 1712 661 defatigatum
1747 584 2028 653 animum,
2066 592 2270 663 totque

372 680 595 741 morbis
633 688 913 739 vexatum
954 700 1191 759 corpus,
1230 678 1549 758 aliquando
1598 700 1704 761 per
1741 680 2052 739 honestum
2087 680 2272 739 otium

370 794 656 843 recreem;
702 774 873 833 simul
900 775 1181 835 invidiam
1212 794 1283 834 ac
1308 774 1508 834 odium
1528 776 1854 845 excutiam,
1881 777 2118 855 optimis
2141 777 2274 855 qui-

370 872 601 951 busque
639 891 753 929 non
796 872 905 930 nisi
942 890 1079 930 cum
1107 871 1355 951 imperio
1380 870 1818 931 declinandum.
1903 871 2104 933 Etiam
2135 873 2272 931 insi-

371 965 485 1025 diis
520 986 613 1027 me
647 968 895 1047 petitum
932 988 1057 1027 esse
1094 968 1295 1027 scitis:
1338 968 1551 1046 iniquis
1587 967 1872 1047 profecto.
1959 967 2082 1027 Sed
2107 976 2274 1027 tanto

370 1064 560 1141 magis
584 1064 749 1123 exire
778 1063 973 1123 locum
1002 1084 1274 1143 propero,
1312 1072 1481 1124 tanta
1516 1064 1782 1144 pericula
1809 1084 1882 1123 ue
1923 1066 2278 1125 merentibus

370 1158 611 1238 quidem
638 1159 1001 1219 afferentem.
1087 1158 1248 1219 Haec
1276 1160 1453 1237 igitur
1486 1162 1640 1220 ratio
1672 1160 1978 1239 probanda
2011 1161 2124 1219 erit
2147 1180 2274 1219 om·-

374 1255 567 1325 nibus‚
594 1274 729 1333 quae
764 1264 828 1314 et
856 1256 1001 1315 mihi
1033 1255 1408 1315 securitatem
1444 1275 1581 1315 cum
1618 1255 1830 1333 gloria,
1863 1264 1927 1315 et
1957 1255 2276 1317 utilitatem

372 1346 621 1429 imperio
666 1350 861 1418 affert,
906 1358 1129 1428 quanto
1164 1358 1325 1409 certe
1370 1349 1583 1410 melius
1611 1359 1720 1421 est,
1756 1352 1986 1431 junctis
2025 1350 2274 1431 plurium

374 1444 659 1515 consiliis,
684 1466 866 1524 quam
892 1446 1066 1505 unius
1100 1456 1245 1505 nutu
1286 1446 1699 1507 administrari.

456 1548 556 1600 91.
602 1550 619 1576 ‘
646 1541 805 1607 Quae
832 1561 967 1603 cum
995 1542 1080 1599 ita
1112 1542 1249 1611 sint,
1294 1562 1473 1601 unam
1513 1543 1668 1603 hanc
1707 1563 1814 1623 pro
1845 1549 1936 1603 tot
1979 1543 2278 1603 laboribus

380 1636 459 1697 ab
485 1656 843 1716 unoquoque
868 1646 1123 1697 vestrum
1166 1639 1413 1715 gratiam
1456 1648 1698 1719 expeto,
1739 1658 1960 1719 vosque
1999 1659 2166 1717 rogo,
2203 1658 2276 1697 ne

376 1732 521 1794 mihi
546 1734 893 1812 quietiorem
920 1733 1291 1813 postmodum
1316 1720 1523 1795 acturo
1544 1738 1732 1795 vitam
1760 1735 2090 1795 invideatis.
2129 1734 2276 1795 Nou

377 1830 663 1909 imperare
704 1824 956 1899 tautum,
1000 1828 1106 1891 sed
1146 1839 1209 1888 et
1240 1851 1445 1909 parere
1483 1831 1656 1907 (mihi
1681 1832 1934 1909 credite)
1961 1832 2124 1891 scio:
2165 1851 2276 1891 nec

377 1924 531 1983 enim
576 1923 853 2002 cuiquam
894 1924 1171 2003 praecepi,
1207 1926 1319 1985 nisi
1356 1925 1539 2004 quod,
1582 1927 1908 2005 imperante
1954 1926 2098 1995 alio,
2137 1926 2278 1984 mihi

378 2038 615 2097 quoque
653 2018 995 2079 faciendum
1034 2020 1487 2081 existimassem.
1572 2020 1870 2099 Equidem
1909 2022 1958 2079 si
1998 2040 2106 2100 pro
2149 2040 2282 2079 mea

378 2114 757 2183 conscientia,
796 2126 1107 2194 vestroque
1134 2114 1337 2175 favore
1364 2112 1583 2193 fingere
1609 2116 1756 2175 mihi
1787 2116 2048 2175 futuram
2073 2116 2278 2177 condi-

377 2212 596 2271 tionem
638 2210 799 2281 licet,
840 2213 967 2271 sine
998 2221 1181 2281 metu,
1221 2210 1345 2273 sine
1382 2210 1642 2291 periculo
1678 2212 1968 2291 privatam
1998 2214 2150 2271 inter
2174 2234 2281 2272 vos

382 2316 617 2369 acturus
639 2308 823 2367 vitam
850 2307 1073 2367 videor.
1160 2306 1229 2367 Si
1266 2308 1412 2386 quid
1442 2327 1612 2369 secus
1651 2308 1908 2376 accidat,
1941 2310 2080 2385 (nec
2119 2312 2278 2369 enim

381 2423 531 2462 unus
546 2404 745 2471 hom0‚
763 2411 853 2462 tot
874 2402 1162 2463 confectis
1180 2402 1455 2463 civilibus
1478 2403 1674 2474 bellis,
1691 2404 1868 2463 toties
1891 2414 2110 2463 asserta
2136 2425 2277 2464 con-

380 2508 475 2557 tra
508 2499 871 2558 voluntatem
912 2498 1227 2559 multorum
1271 2500 1603 2579 republica,
1647 2500 1830 2559 vitare
1871 2499 2124 2559 offensas
2153 2522 2278 2559 om-

380 2596 543 2653 nium
597 2595 877 2675 potuerit)
930 2595 1079 2653 bene
1138 2595 1357 2655 habet:
1414 2596 1561 2655 mori
1612 2596 1810 2675 potius
1859 2605 1996 2655 ante
2049 2606 2280 2676 tempus

380 2692 643 2770 privatus
668 2691 870 2770 cupi0‚
897 2710 1075 2770 quam
1105 2690 1327 2768 regium
1356 2692 1662 2770 imperium
1688 2692 1748 2750 in
1783 2692 1944 2751 cives
1969 2712 2128 2751 meos
2147 2691 2280 2751 diu-

380 2786 597 2845 tissime
624 2787 906 2846 obtinere.
993 2786 1159 2852 Quid
1180 2786 1333 2845 enim
1362 2788 1598 2847 evenire
1619 2786 1764 2845 mihi
1791 2786 1868 2846 ad
1895 2786 2132 2847 laudem
2157 2786 2280 2846 effi-

380 2883 581 2941 cacius
603 2889 819 2959 posset,
840 2901 1019 2960 quam
1040 2881 1409 2942 interfectum
1429 2902 1521 2941 me
1540 2903 1656 2943 non
1678 2884 1758 2943 ob
1774 2882 1938 2943 aliud
1963 2886 2018 2943 in
2049 2885 2282 2963 privata

382 2977 721 3037 conditione
745 2978 905 3045 ferri,
934 2996 1113 3055 quam
1140 2998 1215 3036 ne
1244 2978 1303 3035 in
1329 2996 1511 3054 reguo
1528 2988 1551 3025 5
1589 2998 1928 3056 quenquam
1953 2978 2280 3037 interficere

382 3072 668 3151 cogerer?
753 3072 837 3129 Et
863 3092 969 3150 pro
998 3072 1161 3131 brevi
1194 3073 1320 3131 vita
1352 3072 1706 3151 sempiterna
1739 3074 1880 3131 mihi
1919 3074 2110 3153 gloria
2145 3095 2280 3135 cum

386 3170 613 3232 ultione
640 3167 881 3247 publica
906 3168 1251 3245 contingent
1274 3188 1289 3227 :
1322 3167 1818 3247 quemadmodum
1839 3178 1902 3227 et
1927 3179 2094 3247 pater
2119 3192 2284 3230 meus

382 3266 652 3348 coelpstes
668 3265 917 3325 honores
944 3264 1194 3343 adeptus
1212 3273 1330 3332 θεὶς
1360 3284 1728 3344 percussores
1741 3266 1870 3342 ejus
1888 3264 2051 3342 suga,
2071 3275 2280 3337 morte,

384 3362 627 3423 infamia
673 3381 879 3441 poenas
912 3360 1221 3421 dederunt.
1308 3359 1600 3420 Mortales
1633 3360 1910 3440 equidem
1948 3380 2150 3421 omnes
2183 3381 2280 3421 su-

386 3478 548 3517 mus:
590 3457 715 3527 sed,
757 3476 937 3536 quam
981 3466 1191 3517 natura
1234 3460 1493 3535 negavit,
1544 3456 2070 3527 immortalitatem,
2115 3459 2284 3517 bonis

386 3553 581 3625 factis,
609 3557 861 3633 vitaeque
888 3564 1285 3615 consentanea
1310 3565 1497 3615 morte
1524 3555 1932 3615 nanciscimur.
2003 3554 2148 3615 Hac
2175 3556 2282 3633 igi-

388 3658 484 3709 tur
519 3670 623 3729 spe
665 3660 846 3729 atque
889 3648 1129 3721 fiducia,
1170 3651 1351 3712 reddo
1388 3653 1559 3711 vobis
1593 3652 2040 3731 rempublicam,
2086 3662 2283 3731 patres

390 3746 741 3825 conscripti:
806 3766 985 3826 quam
1035 3748 1121 3806 sic
1168 3730 1499 3826 accipiatis*
1522 3746 1730 3817 velim,
1777 3758 1844 3807 ut
1885 3767 2076 3826 neque
2126 3746 2280 3805 mole

386 3860 658 3902 curarum
695 3843 1051 3911 terreamini,
1090 3863 1281 3921 neque
1326 3842 1559 3903 facilem
1605 3852 1784 3922 atque
1829 3842 2278 3924 perfunctoriam

388 3958 575 3997 rerum
605 3938 1015 3997 tractationem
1040 3938 1166 3998 fore
1192 3940 1477 4016 cogitetis.

454 4108 475 4143 5
503 4100 704 4163 Regium
719 4103 1125 4165 imperium-..in
1141 4102 1309 4166 regno]
1360 4112 1413 4153 et
1456 4105 1518 4151 de
1556 4119 1611 4151 se
1651 4099 1944 4169 loquentem
1989 4118 2273 4166 usurpasse.

393 4166 527 4215 Hac
566 4169 767 4215 nomina
806 4180 1010 4229 semper
1045 4170 1309 4216 exhorruit
1360 4168 1459 4217 Sed
1486 4170 1598 4216 haec
1635 4170 1786 4231 culpa
1817 4176 1892 4217 est
1921 4168 2278 4232 Freinshemii,

394 4230 571 4279 Cesar
607 4232 959 4281 Octavianus:
1000 4246 1059 4281 ae
1094 4232 1308 4295 proinde
1360 4248 1459 4281 non
1503 4234 1700 4295 Dionis,
1724 4232 1809 4296 qui
1843 4234 1996 4281 verbo
2023 4234 2277 4296 μοναρχίας

394 4296 521 4343 nihil
554 4298 721 4345 uulnus
753 4296 1028 4347 verisimile
1062 4296 1187 4358 fingi
1220 4312 1306 4359 po·
1362 4312 1482 4345 usus
1507 4306 1603 4345 est.
1661 4298 1755 4346 Est
1779 4297 1914 4347 enim
1941 4298 1992 4346 id
2017 4300 2162 4363 longe
2185 4301 2274 4347 mi-

394 4368 520 4422 test,
550 4375 701 4424 quam
736 4360 900 4425 ipsum
938 4376 1001 4413 ea
1040 4363 1307 4425 agnovisse
1360 4376 1456 4411 niis
1477 4362 1800 4411 invidiosum.
1831 4362 1995 4412 Crev-

2420 426 2598 493 5813
