3159 4959
909 487 1117 535 mam
1169 485 1451 536 cxxxi.
1494 487 2142 541 sorensium-rura.
2463 475 2640 541 5698

414 632 599 702 nenti,
626 627 1023 691 circumduxit
1056 649 1190 688 eum
1226 629 1444 690 circum
1470 629 1744 701 castella,
1771 629 1983 710 quibus
2007 629 2314 692 thesauros

416 727 697 790 asservari
744 733 1005 785 noverat.
1089 725 1211 784 Sed
1260 724 1678 786 infructuosam
1725 727 1780 784 ei
1833 727 1984 786 hanc
2042 725 2312 788 fraudem
2335 725 2639 779 orout-19·

414 831 859 904 purpuratorum
887 821 1039 899 regis
1062 823 1399 882 constantia
1420 821 1586 892 fecit,
1617 841 1808 900 neque
1833 821 2092 890 castellis
2130 821 2312 882 tradi·
2339 855 2454 904 Dio·

413 920 511 990 tis,
539 929 601 978 et
624 918 813 978 vicem
838 917 1002 998 capti
1028 919 1212 996 patris
1228 917 1493 977 Artaxia
1517 937 1759 996 regnare
1774 919 1964 996 jusso,
1992 920 2093 998 qui
2121 919 2312 978 maxi·
2371 919 2570 995 Joqeph.

412 1035 542 1074 mus
568 1023 707 1074 natu
735 1012 991 1072 filiorum
1029 1021 1175 1073 erat.
1256 1011 1412 1071 'l'um
1438 1033 1600 1082 vero,
1633 1013 1848 1072 omissa
1873 1015 2105 1094 penitus
2133 1015 2312 1072 simu·
2336 981 2632 1097 ἓ“ιῙὶ-’ἒω”“

408 1108 654 1180 latione,
712 1119 939 1168 catenae
990 1117 1126 1168 suut
1164 1107 1489 1167 Artavasdi
1540 1107 1806 1178 additae,e
1844 1109 1948 1168 sed
2000 1119 2312 1187 argenteae,
2377 1109 2486 1160 Dio.
2505 1111 2636 1160 ven.

413 1206 627 1284 quibus
652 1203 939 1264 videlicet
962 1204 1178 1264 vinciri
1204 1224 1399 1282 regem
1426 1204 1615 1263 minus
1638 1203 1942 1282 indignum
1978 1205 2310 1268 haberetur.
2337 1179 2504 1290 {iffi

412 1299 519 1365 Ita
556 1299 719 1361 bello
758 1309 1087 1370 contracto,
1128 1319 1262 1358 cum
1300 1299 1527 1358 subitus
1564 1319 1667 1358 rex
1699 1298 2012 1370 Artaxias,
2050 1309 2112 1360 et
2136 1304 2316 1381 patris
2369 1302 2497 1378 Plut.
2523 1303 2631 1352 Liv-

411 1399 709 1477 insperato
732 1416 877 1456 casu
904 1395 1225 1476 perculsus,
1252 1394 1529 1454 adversus
1562 1395 1948 1476 praevalidum
1975 1397 2222 1467 hostem,
2251 1408 2314 1456 et
2337 1367 2474 1482 ἐξὲξ·
2493 1431 2611 1480 Dio·

408 1493 469 1551 ia
518 1491 847 1572 penetralia
904 1491 1069 1568 regni
1116 1493 1418 1570 receptum
1478 1491 1830 1570 improspere
1887 1491 2309 1564 dimicavisset,

412 1587 709 1648 Armenia
745 1595 875 1646 tota
914 1605 1051 1644 cum
1085 1587 1341 1664 conjuge
1387 1595 1449 1644 et
1484 1584 1616 1646 aliis
1639 1587 1842 1646 liberis
1867 1585 2222 1646 Artavasdis
2247 1589 2310 1646 in

411 1691 761 1762 potestatem
782 1681 1037 1742 Antonii
1064 1681 1369 1740 concessit.
1435 1680 1749 1753 Artaxias,
1777 1683 1836 1743 in
1864 1681 2127 1742 Parthos
2159 1703 2307 1742 exu-
2347 1673 2354 1680 ’

407 1776 593 1837 latum
632 1778 799 1836 abiit.
884 1775 1008 1836 His
1047 1778 1133 1836 ita
1172 1775 1371 1852 gestis,
1412 1784 1475 1834 ut
1515 1775 1594 1835 ad
1635 1775 1862 1856 reliqua
1895 1776 2044 1837 belli
2077 1779 2305 1838 socium

410 1873 523 1934 sibi
553 1871 869 1933 Medorum
893 1892 1089 1950 reg-em
1116 1873 1451 1941 ascisceret,
1478 1891 1651 1949 quem
1684 1873 1956 1932 Armenii
1983 1875 2306 1952 antiquitus

406 1968 648 2040 bostem,
676 1989 810 2028 cum
837 1967 1089 2026 Parthis
1112 1986 1399 2046 nupernex
1427 1965 1644 2046 praedae
1683 1965 1980 2026 Romanae
2019 1967 2302 2030 divisione

404 2065 757 2132 simultatem
797 2065 1157 2126 contraxisse
1196 2071 1577 2140 cognoverat,
1619 2064 1750 2140 ejus
1795 2061 1982 2122 filiam
2027 2084 2133 2123 suo
2176 2063 2302 2124 filio
2329 2071 2464 2124 Plut.

404 2158 733 2240 despondit.

483 2263 585 2321 41.
631 2255 891 2316 Relictis
912 2254 1127 2316 deinde
1164 2255 1519 2333 legionibus,
1546 2262 1698 2334 quot
1732 2254 2036 2316 Armeniae
2067 2256 2301 2316 tuendae
2359 2269 2571 2333 Appiam.

404 2353 545 2414 satis
570 2353 692 2412 fore
713 2352 1013 2422 credebat,
1035 2371 1172 2411 cum
1198 2359 1393 2410 cetero
1410 2351 1678 2410 exercitu
1699 2350 2024 2431 AEgyptum
2044 2353 2299 2432 repetiit,
2325 2331 2489 2446 32¹¹·

404 2447 966 2526 Alexandriamque
992 2447 1358 2526 triumphans
1394 2443 1674 2505 Romano
1708 2466 1868 2505 more
1893 2448 2165 2507 invectus
2191 2459 2296 2510 est.

404 2541 677 2604 Praelata
696 2543 811 2602 fuit
836 2543 1040 2620 ingens
1065 2541 1288 2622 praeda,
1324 2561 1504 2621 quam
1539 2560 1618 2602 ex
1654 2541 2096 2622 opulentissimo
2120 2564 2298 2622 regno
2325 2557 2453 2608 Plut.
2485 2559 2602 2609 Dio.

400 2647 691 2720 rapuerat.
772 2637 1143 2698 Artavasdes
1184 2639 1307 2718 ipse
1345 2657 1479 2696 cum
1518 2659 1699 2698 uxore
1737 2638 2048 2718 liberisque
2075 2647 2138 2698 et
2161 2660 2296 2719 pur·
2321 2623 2504 2735 32:⁶¹¹

403 2735 624 2816 puratis
650 2743 787 2796 ante
814 2755 1045 2794 currum
1072 2735 1309 2794 incessit
1334 2735 1393 2793 in
1428 2735 1654 2794 catenis
1687 2734 1892 2795 aureis.
1979 2735 2131 2796 Inde
2161 2757 2296 2816 pro-
2323 2705 2472 2800 Dimp
2508 2722 2523 2737 ⁹

401 2832 604 2892 tinus⁴
646 2830 724 2892 ad
754 2829 1427 2911 Cleopatramdeducti,
1455 2851 1590 2909 quae
1613 2851 1830 2910 magna
1869 2831 2070 2912 populi
2099 2832 2296 2894 multi·
2354 2815 2541 2872 strabo,

400 2927 603 2986 tudine
644 2927 1023 2999 circumfusa,
1051 2927 1113 2987 in
1149 2935 1423 3006 argenteo
1465 2925 1775 2998 tribunali,
1816 2927 2080 3008 sellaque
2119 2946 2297 2988 aurea
2323 2883 2618 2992 ἷῒιιῖιιιῗὶξίῗ·

400 3023 769 3085 consederat.

477 3125 577 3178 42.
622 3118 745 3178 Sed
771 3119 1033 3188 barbari,
1064 3117 1297 3177 tametsi
1322 3117 1461 3176 huic
1502 3136 1563 3175 se
1605 3115 1763 3176 dono
1801 3116 1932 3177 dari
1969 3119 2294 3183 cumomni

399 3214 559 3292 regio
584 3215 967 3274 instrumento
996 3212 1427 3291 intelligebant,
1455 3232 1571 3272 nou
1613 3212 1934 3272 adorarunt
1971 3234 2125 3282 eam,
2154 3213 2296 3274 licet

398 3311 572 3372 minis
611 3311 1023 3390 promissisque
1065 3309 1518 3379 solicitarentur,
1546 3328 1656 3368 nec
1699 3307 1870 3367 aliter
1915 3309 2023 3367 nisi
2062 3309 2296 3374 nomine

396 3405 655 3465 salutare
681 3407 1098 3476 sustinuerunt,
1125 3423 1409 3464 memores
1453 3405 1652 3481 mag-ni
1689 3423 1752 3463 se
1789 3403 2060 3482 Tigranis
2085 3425 2292 3486 proge-

398 3500 553 3560 niem
580 3520 727 3560 esse.
812 3501 969 3566 Quae
995 3521 1088 3560 res
1112 3499 1272 3580 apud
1298 3499 1447 3558 alios
1472 3499 1719 3578 gloriam
1744 3499 1886 3571 illis,
1905 3499 2103 3560 odium
2131 3503 2289 3581 apud
2315 3511 2517 3574 joseph.

398 3595 806 3676 Cleopatram,
832 3607 893 3656 et
918 3617 994 3656 ex
1023 3617 1095 3657 eo
1120 3613 1364 3676 magnas
1387 3595 1758 3656 calamitates
1790 3599 2036 3678 peperit.
2119 3595 2288 3660 Nam
2315 3577 2616 3703 pgfrgkgfgi

394 3693 458 3752 iu
483 3691 753 3752 custodia
778 3701 915 3752 sunt
936 3691 1151 3763 habiti,
1178 3698 1241 3752 et
1262 3693 1371 3758 sub
1403 3691 1655 3753 Actiaci
1681 3693 1822 3754 belli
1849 3702 2078 3775 tempus
2101 3695 2288 3756 Arta*
2313 3708 2428 3754 5³2.

395 3787 607 3849 vasdes
631 3787 973 3849 interfectus
996 3797 1105 3848 ost.
2311 3768 2433 3883 gg,
2453 3831 2612 3886 strab.

718 3957 750 4002 4
784 3951 995 4002 Prema
1017 3965 1111 4016 pro
1126 3951 1346 4015 protinus
1364 3951 1637 4018 legebatur
1659 3961 1781 4001 ante
1804 3952 1960 4002 Crev.

1164 4077 1520 4100 Oueeeeeouo

456 4183 477 4217 0
501 4179 699 4228 Catenae
711 4175 1091 4230 mummuli
1104 4176 1305 4251 addito]
1375 4191 1485 4226 rum
1508 4176 1726 4225 historia
1748 4176 1972 4226 Dionem
1995 4182 2052 4226 et
2078 4177 2284 4229 Plutar-

378 4241 667 4298 -Zonaram,
705 4256 857 4306 qnem
888 4241 968 4290 hic
993 4243 1047 4290 in
1071 4255 1161 4290 ora
1182 4241 1301 4289 libri
1371 4241 1520 4290 chum
1552 4241 1908 4290 tantummodo
1950 4241 2000 4290 in
2039 4257 2281 4308 compen.

391 4307 741 4371 ascripsimus,
762 4307 955 4369 ubique
988 4303 1099 4355 fere
1134 4306 1299 4354 omisi·
1370 4305 1510 4354 dium
1537 4306 1759 4368 redegit,
1797 4307 2022 4355 servatis
2059 4309 2280 4370 plerum-

386 4385 523 4428 mus,
544 4371 681 4436 quod
705 4371 793 4422 ille
818 4371 871 4422 iu
892 4371 1071 4422 horum
1102 4377 1302 4435 tempo·
1370 4383 1473 4435 que
1494 4371 1618 4436 ipsis
1637 4385 1812 4422 eorum
1836 4371 2022 4425 verbis.
2061 4372 2202 4432 creo.
