3159 4959
916 417 1125 464 mam
1176 413 1460 466 cxxxi.
1506 413 1848 464 superam
1865 417 2149 468 aurun.
2464 399 2653 466 ⁵681..

418 557 719 628 solatium,
757 557 995 618 inimico
1036 556 1355 616 ludibrium
1392 556 1634 619 debeas.
1719 553 2022 634 Denique,
2061 565 2127 614 ut
2151 575 2317 616 com-

420 653 639 731 pendio
678 653 957 732 Pompeii
988 663 1242 712 mentem
1278 671 1507 712 omnem
1548 651 1956 720 edisseramus,
1993 653 2080 711 sic
2115 653 2270 712 habe
2295 674 2312 712 ε

424 745 645 808 Sextus
668 767 801 807 cum
824 757 951 806 tota
974 747 1185 818 classe,
1213 746 1684 826 fidelissimisque
1708 747 1918 827 copiis,
1945 767 2078 826 quoe
2103 768 2176 806 ne
2205 748 2322 807 ud-q

421 861 591 901 versa
626 841 863 922 quidem
887 841 1127 902 fortuna
1150 861 1317 903 usum
1342 841 1734 922 reliquerunt,
1761 842 1820 900 in
1845 849 2009 901 tuam
2043 863 2104 901 se
2129 842 2310 902 fidem

419 936 621 996 tradit.
695 937 789 996 Tu
814 957 975 1006 vero,
998 938 1123 998 aive
1166 938 1383 1016 quietae
1406 957 1499 996 res
1532 937 1877 1007 manebunt,
1901 938 2124 1015 insigne
2147 939 2312 1016 pecis
2333 949 2444 1000 Liv.
2465 951 2598 1016 Epit.

418 1043 819 1094 ornamentum
858 1033 1127 1102 babebis,
1164 1041 1461 1092 servatum
1507 1031 1722 1110 Magni
1765 1031 2044 1112 Pompeii
2083 1032 2306 1094 filium:

414 1125 538 1186 sive
578 1128 993 1199 turbabuntur,
1020 1127 1263 1205 juvenis
1288 1147 1445 1196 acer,
1486 1126 1828 1196 industrius,
1869 1127 2088 1186 invisus
2130 1127 2316 1188 insen-

414 1229 627 1301 tuaque
676 1223 925 1294 omasi,
954 1232 1046 1284 tot
1083 1243 1202 1282 une
1238 1222 1511 1283 adductis
1548 1222 1818 1294 navibus,
1861 1230 1953 1282 tot
1986 1221 2312 1283 fortinimis

416 1317 577 1388 viris,
600 1318 841 1378 minime
865 1317 1205 1398 pcenitendn
1226 1320 1481 1399 partium
1506 1327 1742 1378 tuarum
1765 1319 1876 1378 erit
1901 1320 2202 1378 accessio?

498 1421 562 1472 9.
602 1414 905 1473 Antonius
924 1414 1001 1473 nd
1026 1415 1155 1474 baec
1178 1414 1499 1494 respondit,
1536 1423 1553 1450 ⁴
1576 1435 1642 1474 se
1667 1414 1974 1476 mandene
2001 1414 2094 1474 M.
2123 1414 2304 1490 Titio,
2331 1427 2448 1476 Dio.

416 1517 485 1567 ut
506 1525 641 1568 cum
664 1517 831 1588 parte
858 1508 1239 1589 Syriscus-nrm
1264 1511 1500 1576 nerium
1534 1510 1904 1589 militumque
1928 1510 2307 1572 descenderet
2329 1491 2542 1556 Appi-n.

413 1601 483 1662 in·
500 1601 737 1675 Asiam,
764 1603 1157 1684 Sextumque,
1182 1607 1233 1664 si
1256 1625 1321 1664 se
1344 1606 1519 1666 armis
1534 1613 1820 1678 tueretur,
1837 1605 2170 1675 invaderet:
2213 1609 2305 1668 sin·
2359 1617 2500 1670 Oros.
2521 1632 2595 1666 vr.

411 1712 575 1770 vero,
620 1698 941 1760 honorifico
981 1700 1061 1760 ad
1103 1717 1167 1760 ω
1209 1699 1547 1762 deduceret
1627 1700 1768 1760 sam
1811 1701 1990 1779 igitur
2029 1703 2090 1762 in
2123 1721 2304 1766 mm
2327 1688 2544 1811 am,

415 1794 691 1874 Pompeii
716 1813 868 1866 esse,
892 1805 1087 1856 utram
1110 1797 1365 1876 experiri
1388 1806 1604 1858 sortem
1625 1796 1836 1856 malit-⁹

458 1933 465 1940 .
494 1895 593 1948 10.
638 1889 801 1950 Hoec
824 1909 961 1952 cum
1000 1893 1257 1954 maxime
1298 1901 1559 1970 egerent,
1582 1890 1828 1952 adducti
1860 1901 2015 1962 sunt,
2057 1912 2206 1972 quos
2243 1895 2302 1954 in

412 1982 677 2046 Parthos
708 1985 932 2048 Sextus
966 1989 1222 2060 miserat,
1268 1989 1600 2068 omnaque
1643 1988 1856 2066 legatis
1885 1989 2307 2050 excusantibus

408 2087 673 2160 tempora
699 2084 943 2160 juvenis
983 2083 1045 2142 in
1084 2083 1377 2144 maximas
1418 2085 1720 2162 angustias
1755 2085 2030 2161 conjecti.
2113 2093 2134 2122 ‘
2163 2085 2304 2148 Nee

412 2176 698 2256 indignari
722 2179 1057 2240 Antonium
1094 2179 1335 2252 debere,
1368 2181 1420 2242 si
1460 2181 1566 2241 ille
1612 2179 1981 2240 dubitatione
2019 2181 2302 2260 quedem,

408 2291 481 2332 ne
507 2273 643 2351 plus
668 2273 829 2353 apud
863 2273 1189 2334 Antonium
1212 2283 1443 2338 veteres
1463 2277 1728 2346 offensae,
1754 2294 1934 2353 quam
1960 2295 2164 2355 preces
2175 2297 2304 2338 sun

404 2367 693 2438 valerent,
718 2367 795 2427 ed
822 2371 1103 2429 barbaros
1126 2372 1495 2450 respexisset.
1582 2372 1838 2432 Omnem
1863 2381 2021 2431 eerte
2041 2388 2174 2431 eam
2195 2393 2298 2434 eo-

407 2463 779 2539 gitationem,
816 2464 1313 2544 quemadmodum
1346 2468 1423 2526 sit
1454 2487 1535 2528 ex
1560 2467 1972 2547 desperatione
1997 2477 2162 2538 neta,
2189 2470 2298 2540 its,

402 2557 579 2616 simul
600 2562 945 2636 cognoverit
980 2562 1059 2621 ab
1084 2561 1355 2622 Antonio
1384 2583 1449 2622 se
1487 2564 1694 2643 recipi,
1733 2563 1792 2622 in
1831 2562 2076 2623 nihilum
2102 2565 2297 2625 ebitu-

404 2653 569 2711 ram.’
650 2653 737 2714 Et
778 2655 1049 2716 satisfieri
1092 2657 1207 2716 sibi
1251 2677 1455 2737 pessus
1488 2667 1579 2718 est
1623 2657 1946 2730 Antonius,
1989 2657 2302 2738 placabilis

403 2749 659 2826 ingenio,
688 2767 879 2830 neque
905 2752 1301 2831 suspicionum
1330 2763 1531 2814 tenax.

482 2851 583 2904 11.
626 2845 721 2905 At
747 2845 989 2918 Sextus,
1010 2847 1235 2918 audito,
1260 2859 1469 2909 eontra
1491 2869 1555 2909 se
1570 2847 1796 2908 Titium
1813 2849 1990 2918 mitti,
2015 2869 2188 2928 quem
2213 2852 2296 2910 ob
2319 2869 2435 2919 Dio.

402 2937 819 3000 defectionem·
838 2963 875 3001 n
912 2943 1031 3002 suis
1080 2944 1343 3022 partibus
1392 2943 1640 3016 odel-etz
1707 2941 2179 3004 Ahenobarbum
2231 2947 2292 3006 in
2317 2933 2530 2999 APF‘n·

401 3051 565 3093 suem
610 3035 871 3114 redigere
916 3047 1275 3116 potestatem
1316 3047 1563 3099 conatus
1601 3047 1712 3107 est,
1749 3055 1824 3097 eo
1855 3038 2098 3118 pignore
2121 3058 2291 3102 suem

402 3127 647 3190 sulutem
674 3132 735 3190 in
762 3139 893 3191 tuto
915 3132 1043 3191 fore
1070 3141 1249 3194 ratus.
1332 3134 1517 3194 Ceius
1548 3134 1706 3192 enim
1741 3130 2012 3203 Furnius,
2039 3132 2292 3194 Antonii

402 3226 631 3286 nomine
674 3226 887 3287 Asiam
929 3229 1223 3300 obtinens,
1250 3229 1648 3310 appellentem
1685 3247 1758 3286 eo
1796 3227 2156 3306 Pompeium
2195 3251 2290 3290 ar-

398 3333 531 3380 cere
558 3321 795 3401 insuper
820 3323 1131 3394 babuerat,
1157 3343 1345 3402 neque
1370 3325 1513 3384 satis
1552 3323 1630 3382 ad
1667 3323 1778 3382 boc
1817 3320 2072 3392 validus,
2099 3343 2290 3403 neque

400 3423 704 3494 comperta
726 3416 865 3476 dum
893 3417 1145 3478 Antonii
1182 3417 1505 3479 voluntate.
1595 3415 1718 3478 Sed
1744 3416 1846 3476 ubi
1870 3436 2006 3476 eum
2040 3417 2200 3480 bello
2223 3439 2290 3481 se

400 3527 609 3588 parare
650 3511 1089 3582 animadvertit,
1130 3514 1573 3593 provincialium
1614 3513 1820 3574 habito
1855 3511 2112 3584 delectu,
2158 3513 2288 3576 Do-

400 3605 631 3664 mitium
652 3623 889 3686 quoque
916 3608 1388 3669 Ahenobarbum
1414 3610 1634 3669 accivit
1655 3608 1966 3687 propinqui
1993 3610 2290 3670 exercitus

397 3698 629 3770 ducem,
678 3721 813 3760 cum
862 3723 997 3780 rege
1049 3703 1342 3784 Amynta.
1427 3703 1517 3762 Et
1552 3711 1949 3764 convenerant
1997 3701 2108 3773 illi,
2147 3723 2284 3764 cum

397 3795 717 3854 amicorum
742 3796 981 3874 quidam
1004 3797 1391 3858 Ahenobarbi
1414 3798 1630 3857 Curius
1649 3797 1892 3876 prodere
1907 3795 2076 3854 illum
2097 3797 2282 3857 Pom·

398 3889 533 3968 peio
560 3897 805 3950 conatus
830 3899 954 3951 est:
996 3892 1099 3952 sed
1127 3893 1393 3972 proditus
1428 3893 1555 3972 ipse
1576 3893 2017 3970 convictusque,
2043 3889 2128 3951 de
2143 3911 2284 3952 con.

395 3984 511 4044 silii
556 3987 845 4047 sententie
898 4007 1099 4068 poenss
1148 3987 1333 4050 dedit.
1417 3989 1766 4068 Pompeius,
1819 3985 2129 4046 interfecto
2177 4005 2286 4048 suo

394 4077 607 4140 liberto
630 4081 963 4153 Theodoro,
990 4103 1165 4162 quem
1192 4104 1373 4144 unum
1412 4085 1616 4144 arcani
1651 4086 1781 4162 ejus
1805 4083 2102 4142 conscium
2129 4081 2280 4141 indi-

396 4194 559 4244 ceoee
585 4197 707 4237 rem
730 4179 989 4251 rebatur,
1020 4179 1243 4258 abjecit
1280 4181 1355 4242 de
1384 4189 1586 4242 cetero
1621 4179 1828 4240 inutile
1866 4176 2114 4238 fallendi
2137 4197 2278 4238 con.
