<?xml version="1.0" encoding="UTF-8"?>
<!DOCTYPE html PUBLIC "-//W3C//DTD XHTML 1.0 Transitional//EN"
    "http://www.w3.org/TR/xhtml1/DTD/xhtml1-transitional.dtd">
<html xmlns="http://www.w3.org/1999/xhtml" xml:lang="en" lang="en">
 <head>
  <title>
</title>
<meta http-equiv="Content-Type" content="text/html;charset=utf-8" />
  <meta name='ocr-system' content='tesseract 3.04.00' />
  <meta name='ocr-capabilities' content='ocr_page ocr_carea ocr_par ocr_line ocrx_word'/>
</head>
<body>
  <div class='ocr_page' id='page_1' title='image "./tliviipatavinih09livygoog_0330.png"; bbox 0 0 3159 4959; ppageno 0'>
   <div class='ocr_carea' id='block_1_1' title="bbox 1530 442 1840 489">
    <p class='ocr_par' dir='ltr' id='par_1_1' title="bbox 1530 442 1840 489">
     <span class='ocr_line' id='line_1_1' title="bbox 1530 442 1840 489; baseline 0 -1"><span class='ocrx_word' id='word_1_1' title='bbox 1530 442 1600 488; x_wconf 77' lang='lat'>&#39;1&#39;-</span> <span class='ocrx_word' id='word_1_2' title='bbox 1653 442 1840 489; x_wconf 71' lang='lat' dir='ltr'>lell</span> 
     </span>
    </p>
   </div>
   <div class='ocr_carea' id='block_1_2' title="bbox 848 582 2792 4412">
    <p class='ocr_par' dir='ltr' id='par_1_2' title="bbox 848 582 2792 1049">
     <span class='ocr_line' id='line_1_2' title="bbox 896 582 2792 663; baseline 0.002 -22"><span class='ocrx_word' id='word_1_3' title='bbox 896 584 1043 663; x_wconf 88' lang='lat' dir='ltr'>perii</span> <span class='ocrx_word' id='word_1_4' title='bbox 1074 584 1265 643; x_wconf 79' lang='lat' dir='ltr'>salute</span> <span class='ocrx_word' id='word_1_5' title='bbox 1306 604 1377 643; x_wconf 76' lang='lat' dir='ltr'>sc</span> <span class='ocrx_word' id='word_1_6' title='bbox 1420 584 1657 643; x_wconf 78' lang='lat' dir='ltr'>fortuna</span> <span class='ocrx_word' id='word_1_7' title='bbox 1689 582 2080 663; x_wconf 70' lang='lat' dir='ltr'>suscipiendis</span> <span class='ocrx_word' id='word_1_8' title='bbox 2113 584 2288 653; x_wconf 80' lang='lat' dir='ltr'>votis,</span> <span class='ocrx_word' id='word_1_9' title='bbox 2325 582 2554 662; x_wconf 79' lang='lat' dir='ltr'>sliquos</span> <span class='ocrx_word' id='word_1_10' title='bbox 2591 584 2792 645; x_wconf 69' lang='lat' dir='ltr'>saeue</span> 
     </span>
     <span class='ocr_line' id='line_1_3' title="bbox 894 679 2790 760; baseline 0.003 -25"><span class='ocrx_word' id='word_1_11' title='bbox 894 679 1041 760; x_wconf 89' lang='lat' dir='ltr'>quid</span> <span class='ocrx_word' id='word_1_12' title='bbox 1067 691 1172 739; x_wconf 76' lang='lat' dir='ltr'>aut</span> <span class='ocrx_word' id='word_1_13' title='bbox 1196 680 1533 758; x_wconf 78' lang='lat' dir='ltr'>impendere</span> <span class='ocrx_word' id='word_1_14' title='bbox 1558 690 1770 759; x_wconf 77' lang='lat' dir='ltr'>praeter</span> <span class='ocrx_word' id='word_1_15' title='bbox 1794 681 1946 738; x_wconf 84' lang='lat' dir='ltr'>vires</span> <span class='ocrx_word' id='word_1_16' title='bbox 1969 688 2210 757; x_wconf 83' lang='lat' dir='ltr'>cogunt,</span> <span class='ocrx_word' id='word_1_17' title='bbox 2237 681 2297 739; x_wconf 92' lang='lat' dir='ltr'>id</span> <span class='ocrx_word' id='word_1_18' title='bbox 2325 680 2606 741; x_wconf 84' lang='lat' dir='ltr'>inhibere.</span> <span class='ocrx_word' id='word_1_19' title='bbox 2689 680 2790 741; x_wconf 89' lang='lat' dir='ltr'>Si-</span> 
     </span>
     <span class='ocr_line' id='line_1_4' title="bbox 897 773 2790 854; baseline 0.002 -21"><span class='ocrx_word' id='word_1_20' title='bbox 897 776 1175 833; x_wconf 78' lang='lat' dir='ltr'>multates</span> <span class='ocrx_word' id='word_1_21' title='bbox 1197 786 1394 834; x_wconf 78' lang='lat' dir='ltr'>nutem</span> <span class='ocrx_word' id='word_1_22' title='bbox 1420 796 1620 835; x_wconf 89' lang='lat' dir='ltr'>eorum</span> <span class='ocrx_word' id='word_1_23' title='bbox 1645 786 1708 835; x_wconf 90' lang='lat' dir='ltr'>et</span> <span class='ocrx_word' id='word_1_24' title='bbox 1743 773 2147 834; x_wconf 66' lang='lat' dir='ltr'>aemulationes</span> <span class='ocrx_word' id='word_1_25' title='bbox 2181 795 2414 854; x_wconf 85' lang='lat' dir='ltr'>prorsus</span> <span class='ocrx_word' id='word_1_26' title='bbox 2434 776 2790 836; x_wconf 78' lang='lat' dir='ltr'>exscinden-</span> 
     </span>
     <span class='ocr_line' id='line_1_5' title="bbox 896 871 2792 951; baseline 0.002 -22"><span class='ocrx_word' id='word_1_27' title='bbox 896 871 991 929; x_wconf 80' lang='lat' dir='ltr'>dae</span> <span class='ocrx_word' id='word_1_28' title='bbox 1014 881 1169 941; x_wconf 75' lang='lat' dir='ltr'>mut,</span> <span class='ocrx_word' id='word_1_29' title='bbox 1196 892 1387 951; x_wconf 90' lang='lat' dir='ltr'>neque</span> <span class='ocrx_word' id='word_1_30' title='bbox 1422 872 1750 939; x_wconf 86' lang='lat' dir='ltr'>sinendum,</span> <span class='ocrx_word' id='word_1_31' title='bbox 1778 882 1884 931; x_wconf 73' lang='lat' dir='ltr'>aut</span> <span class='ocrx_word' id='word_1_32' title='bbox 1905 872 2260 949; x_wconf 72' lang='lat' dir='ltr'>cognomina</span> <span class='ocrx_word' id='word_1_33' title='bbox 2283 892 2458 942; x_wconf 74' lang='lat' dir='ltr'>nove,</span> <span class='ocrx_word' id='word_1_34' title='bbox 2485 882 2592 932; x_wconf 77' lang='lat' dir='ltr'>sut</span> <span class='ocrx_word' id='word_1_35' title='bbox 2623 873 2792 933; x_wconf 71' lang='lat' dir='ltr'>aliud</span> 
     </span>
     <span class='ocr_line' id='line_1_6' title="bbox 848 966 2301 1049; baseline -0.001 -23"><span class='ocrx_word' id='word_1_36' title='bbox 848 1034 861 1049; x_wconf 43' lang='lat'><strong><em>¹</em></strong></span> <span class='ocrx_word' id='word_1_37' title='bbox 898 968 1037 1049; x_wconf 88' lang='lat' dir='ltr'>quid</span> <span class='ocrx_word' id='word_1_38' title='bbox 1064 968 1141 1027; x_wconf 74' lang='lat' dir='ltr'>nd</span> <span class='ocrx_word' id='word_1_39' title='bbox 1177 968 1505 1027; x_wconf 74' lang='lat' dir='ltr'><strong>discordias</strong></span> <span class='ocrx_word' id='word_1_40' title='bbox 1528 967 1981 1027; x_wconf 77' lang='lat' dir='ltr'>commovendas</span> <span class='ocrx_word' id='word_1_41' title='bbox 2005 966 2301 1026; x_wconf 71' lang='lat' dir='ltr'>idoneum.</span> 
     </span>
    </p>

    <p class='ocr_par' dir='ltr' id='par_1_3' title="bbox 882 1062 2792 3257">
     <span class='ocr_line' id='line_1_7' title="bbox 975 1062 2792 1143; baseline 0.001 -20"><span class='ocrx_word' id='word_1_42' title='bbox 975 1072 1075 1127; x_wconf 80' lang='lat'>67.</span> <span class='ocrx_word' id='word_1_43' title='bbox 1118 1073 1136 1099; x_wconf 87' lang='lat'>‘</span> <span class='ocrx_word' id='word_1_44' title='bbox 1164 1063 1473 1123; x_wconf 75' lang='lat' dir='ltr'>Facillime</span> <span class='ocrx_word' id='word_1_45' title='bbox 1489 1084 1630 1123; x_wconf 85' lang='lat' dir='ltr'>vero</span> <span class='ocrx_word' id='word_1_46' title='bbox 1655 1065 1714 1121; x_wconf 88' lang='lat' dir='ltr'>in</span> <span class='ocrx_word' id='word_1_47' title='bbox 1742 1064 1834 1122; x_wconf 88' lang='lat' dir='ltr'>his</span> <span class='ocrx_word' id='word_1_48' title='bbox 1855 1072 1916 1121; x_wconf 85' lang='lat' dir='ltr'>et</span> <span class='ocrx_word' id='word_1_49' title='bbox 1934 1064 2068 1121; x_wconf 76' lang='lat' dir='ltr'>aliis</span> <span class='ocrx_word' id='word_1_50' title='bbox 2091 1062 2433 1142; x_wconf 77' lang='lat' dir='ltr'>obsequium</span> <span class='ocrx_word' id='word_1_51' title='bbox 2455 1064 2562 1122; x_wconf 86' lang='lat' dir='ltr'>tibi</span> <span class='ocrx_word' id='word_1_52' title='bbox 2589 1065 2792 1143; x_wconf 70' lang='lat' dir='ltr'>privt-</span> 
     </span>
     <span class='ocr_line' id='line_1_8' title="bbox 896 1158 2788 1240; baseline 0.001 -20"><span class='ocrx_word' id='word_1_53' title='bbox 896 1161 1001 1220; x_wconf 86' lang='lat' dir='ltr'>tim</span> <span class='ocrx_word' id='word_1_54' title='bbox 1027 1162 1381 1240; x_wconf 83' lang='lat' dir='ltr'>publiceque</span> <span class='ocrx_word' id='word_1_55' title='bbox 1408 1160 1780 1240; x_wconf 73' lang='lat' dir='ltr'>praestabitur</span> <span class='ocrx_word' id='word_1_56' title='bbox 1814 1160 1894 1219; x_wconf 77' lang='lat' dir='ltr'>ab</span> <span class='ocrx_word' id='word_1_57' title='bbox 1919 1160 2213 1229; x_wconf 86' lang='lat' dir='ltr'>omuibus,</span> <span class='ocrx_word' id='word_1_58' title='bbox 2241 1158 2418 1219; x_wconf 89' lang='lat' dir='ltr'>modo</span> <span class='ocrx_word' id='word_1_59' title='bbox 2443 1161 2654 1220; x_wconf 89' lang='lat' dir='ltr'>nemini</span> <span class='ocrx_word' id='word_1_60' title='bbox 2681 1182 2788 1221; x_wconf 81' lang='lat' dir='ltr'>ve·</span> 
     </span>
     <span class='ocr_line' id='line_1_9' title="bbox 898 1254 2792 1333; baseline 0.001 -18"><span class='ocrx_word' id='word_1_61' title='bbox 898 1258 1057 1315; x_wconf 76' lang='lat' dir='ltr'>niam</span> <span class='ocrx_word' id='word_1_62' title='bbox 1080 1258 1399 1316; x_wconf 76' lang='lat' dir='ltr'>constituta</span> <span class='ocrx_word' id='word_1_63' title='bbox 1414 1266 1520 1315; x_wconf 78' lang='lat' dir='ltr'>tun</span> <span class='ocrx_word' id='word_1_64' title='bbox 1538 1254 2002 1333; x_wconf 79' lang='lat' dir='ltr'>transgrediendi</span> <span class='ocrx_word' id='word_1_65' title='bbox 2023 1275 2280 1333; x_wconf 74' lang='lat' dir='ltr'>unqua·</span> <span class='ocrx_word' id='word_1_66' title='bbox 2295 1254 2548 1315; x_wconf 85' lang='lat' dir='ltr'>dederis.</span> <span class='ocrx_word' id='word_1_67' title='bbox 2605 1255 2792 1317; x_wconf 81' lang='lat' dir='ltr'>Nihil</span> 
     </span>
     <span class='ocr_line' id='line_1_10' title="bbox 895 1351 2792 1432; baseline 0 -21"><span class='ocrx_word' id='word_1_68' title='bbox 895 1353 1051 1411; x_wconf 87' lang='lat' dir='ltr'>enim</span> <span class='ocrx_word' id='word_1_69' title='bbox 1098 1372 1265 1431; x_wconf 78' lang='lat' dir='ltr'>aeque</span> <span class='ocrx_word' id='word_1_70' title='bbox 1300 1351 1622 1411; x_wconf 77' lang='lat' dir='ltr'>dissolvere</span> <span class='ocrx_word' id='word_1_71' title='bbox 1663 1362 1866 1411; x_wconf 78' lang='lat' dir='ltr'>natum</span> <span class='ocrx_word' id='word_1_72' title='bbox 1901 1359 1992 1409; x_wconf 85' lang='lat' dir='ltr'>est</span> <span class='ocrx_word' id='word_1_73' title='bbox 2025 1352 2208 1409; x_wconf 77' lang='lat' dir='ltr'>etiam</span> <span class='ocrx_word' id='word_1_74' title='bbox 2241 1352 2392 1409; x_wconf 89' lang='lat' dir='ltr'>bene</span> <span class='ocrx_word' id='word_1_75' title='bbox 2427 1360 2568 1430; x_wconf 71' lang='lat' dir='ltr'>apta</span> <span class='ocrx_word' id='word_1_76' title='bbox 2603 1361 2792 1432; x_wconf 77' lang='lat' dir='ltr'>atque</span> 
     </span>
     <span class='ocr_line' id='line_1_11' title="bbox 894 1446 2787 1529; baseline 0 -21"><span class='ocrx_word' id='word_1_77' title='bbox 894 1447 1137 1518; x_wconf 79' lang='lat' dir='ltr'>coalita,</span> <span class='ocrx_word' id='word_1_78' title='bbox 1188 1458 1367 1528; x_wconf 78' lang='lat' dir='ltr'>atque</span> <span class='ocrx_word' id='word_1_79' title='bbox 1415 1451 1545 1508; x_wconf 78' lang='lat' dir='ltr'>haec</span> <span class='ocrx_word' id='word_1_80' title='bbox 1589 1447 1981 1527; x_wconf 77' lang='lat' dir='ltr'>inaequalitns.</span> <span class='ocrx_word' id='word_1_81' title='bbox 2067 1446 2260 1507; x_wconf 89' lang='lat' dir='ltr'>Immo</span> <span class='ocrx_word' id='word_1_82' title='bbox 2303 1466 2376 1505; x_wconf 89' lang='lat' dir='ltr'>ne</span> <span class='ocrx_word' id='word_1_83' title='bbox 2422 1451 2610 1525; x_wconf 71' lang='lat' dir='ltr'>rogari</span> <span class='ocrx_word' id='word_1_84' title='bbox 2651 1452 2787 1529; x_wconf 89' lang='lat' dir='ltr'>qui-</span> 
     </span>
     <span class='ocr_line' id='line_1_12' title="bbox 894 1542 2784 1624; baseline 0.002 -21"><span class='ocrx_word' id='word_1_85' title='bbox 894 1544 1029 1604; x_wconf 91' lang='lat' dir='ltr'>dem</span> <span class='ocrx_word' id='word_1_86' title='bbox 1060 1556 1279 1624; x_wconf 78' lang='lat' dir='ltr'>patere,</span> <span class='ocrx_word' id='word_1_87' title='bbox 1308 1544 1469 1624; x_wconf 88' lang='lat' dir='ltr'>quod</span> <span class='ocrx_word' id='word_1_88' title='bbox 1494 1546 1816 1605; x_wconf 86' lang='lat' dir='ltr'>concedere</span> <span class='ocrx_word' id='word_1_89' title='bbox 1849 1545 2020 1603; x_wconf 86' lang='lat' dir='ltr'>nolis.</span> <span class='ocrx_word' id='word_1_90' title='bbox 2091 1542 2215 1603; x_wconf 88' lang='lat' dir='ltr'>Sed</span> <span class='ocrx_word' id='word_1_91' title='bbox 2251 1544 2366 1603; x_wconf 87' lang='lat' dir='ltr'>hoc</span> <span class='ocrx_word' id='word_1_92' title='bbox 2401 1546 2590 1623; x_wconf 84' lang='lat' dir='ltr'>ipsum</span> <span class='ocrx_word' id='word_1_93' title='bbox 2635 1566 2784 1623; x_wconf 77' lang='lat' dir='ltr'>gna-</span> 
     </span>
     <span class='ocr_line' id='line_1_13' title="bbox 894 1641 2790 1720; baseline 0.002 -22"><span class='ocrx_word' id='word_1_94' title='bbox 894 1642 1046 1699; x_wconf 82' lang='lat' dir='ltr'>viter</span> <span class='ocrx_word' id='word_1_95' title='bbox 1076 1650 1273 1700; x_wconf 89' lang='lat' dir='ltr'>tenere</span> <span class='ocrx_word' id='word_1_96' title='bbox 1322 1660 1541 1720; x_wconf 82' lang='lat' dir='ltr'>pugna,</span> <span class='ocrx_word' id='word_1_97' title='bbox 1582 1661 1654 1700; x_wconf 92' lang='lat' dir='ltr'>ne</span> <span class='ocrx_word' id='word_1_98' title='bbox 1701 1641 2010 1720; x_wconf 73' lang='lat' dir='ltr'>quisquam</span> <span class='ocrx_word' id='word_1_99' title='bbox 2055 1641 2374 1719; x_wconf 79' lang='lat' dir='ltr'>quicquam</span> <span class='ocrx_word' id='word_1_100' title='bbox 2421 1660 2626 1718; x_wconf 76' lang='lat' dir='ltr'>rogere</span> <span class='ocrx_word' id='word_1_101' title='bbox 2679 1661 2790 1701; x_wconf 78' lang='lat' dir='ltr'>au-</span> 
     </span>
     <span class='ocr_line' id='line_1_14' title="bbox 893 1735 2790 1815; baseline 0.001 -20"><span class='ocrx_word' id='word_1_102' title='bbox 893 1738 971 1796; x_wconf 81' lang='lat' dir='ltr'>sit</span> <span class='ocrx_word' id='word_1_103' title='bbox 1004 1756 1229 1806; x_wconf 85' lang='lat' dir='ltr'>eorum,</span> <span class='ocrx_word' id='word_1_104' title='bbox 1267 1756 1403 1815; x_wconf 77' lang='lat' dir='ltr'>quoe</span> <span class='ocrx_word' id='word_1_105' title='bbox 1440 1737 1824 1815; x_wconf 80' lang='lat' dir='ltr'>prohibueris.</span> <span class='ocrx_word' id='word_1_106' title='bbox 1909 1735 1988 1794; x_wconf 90' lang='lat' dir='ltr'>In</span> <span class='ocrx_word' id='word_1_107' title='bbox 2011 1736 2284 1795; x_wconf 86' lang='lat' dir='ltr'>omnibus</span> <span class='ocrx_word' id='word_1_108' title='bbox 2309 1745 2504 1795; x_wconf 75' lang='lat' dir='ltr'>eutem</span> <span class='ocrx_word' id='word_1_109' title='bbox 2533 1739 2790 1814; x_wconf 82' lang='lat' dir='ltr'>negotiis</span> 
     </span>
     <span class='ocr_line' id='line_1_15' title="bbox 886 1832 2790 1917; baseline 0.001 -26"><span class='ocrx_word' id='word_1_110' title='bbox 886 1833 1002 1917; x_wconf 22' lang='lat' dir='ltr'>*tibi</span> <span class='ocrx_word' id='word_1_111' title='bbox 1026 1832 1271 1891; x_wconf 88' lang='lat' dir='ltr'>consulo</span> <span class='ocrx_word' id='word_1_112' title='bbox 1292 1852 1407 1892; x_wconf 88' lang='lat' dir='ltr'>non</span> <span class='ocrx_word' id='word_1_113' title='bbox 1434 1834 1602 1891; x_wconf 77' lang='lat' dir='ltr'>abuti</span> <span class='ocrx_word' id='word_1_114' title='bbox 1628 1840 1943 1913; x_wconf 71' lang='lat' dir='ltr'>potestate,</span> <span class='ocrx_word' id='word_1_115' title='bbox 1959 1852 2066 1890; x_wconf 90' lang='lat' dir='ltr'>nec</span> <span class='ocrx_word' id='word_1_116' title='bbox 2093 1832 2548 1891; x_wconf 82' lang='lat' dir='ltr'>imminutionem</span> <span class='ocrx_word' id='word_1_117' title='bbox 2575 1844 2790 1912; x_wconf 70' lang='lat' dir='ltr'>putare</span> 
     </span>
     <span class='ocr_line' id='line_1_16' title="bbox 893 1928 2788 2010; baseline 0.001 -23"><span class='ocrx_word' id='word_1_118' title='bbox 893 1930 1143 2010; x_wconf 88' lang='lat' dir='ltr'>imperii,</span> <span class='ocrx_word' id='word_1_119' title='bbox 1170 1930 1283 1989; x_wconf 85' lang='lat' dir='ltr'>nisi</span> <span class='ocrx_word' id='word_1_120' title='bbox 1309 1928 1488 1989; x_wconf 85' lang='lat' dir='ltr'>semel</span> <span class='ocrx_word' id='word_1_121' title='bbox 1510 1929 1714 1988; x_wconf 76' lang='lat' dir='ltr'>omnia.</span> <span class='ocrx_word' id='word_1_122' title='bbox 1736 1928 2082 2007; x_wconf 84' lang='lat' dir='ltr'>simpliciter</span> <span class='ocrx_word' id='word_1_123' title='bbox 2097 1947 2230 2007; x_wconf 78' lang='lat' dir='ltr'>quae</span> <span class='ocrx_word' id='word_1_124' title='bbox 2251 1930 2460 2007; x_wconf 85' lang='lat' dir='ltr'>possis,</span> <span class='ocrx_word' id='word_1_125' title='bbox 2475 1938 2536 1989; x_wconf 82' lang='lat' dir='ltr'>et</span> <span class='ocrx_word' id='word_1_126' title='bbox 2561 1928 2748 1989; x_wconf 75' lang='lat' dir='ltr'>facias</span> <span class='ocrx_word' id='word_1_127' title='bbox 2766 1951 2788 1989; x_wconf 71' lang='grc' dir='ltr'>ε</span> 
     </span>
     <span class='ocr_line' id='line_1_17' title="bbox 890 2023 2788 2105; baseline -0.001 -20"><span class='ocrx_word' id='word_1_128' title='bbox 890 2024 1017 2095; x_wconf 79' lang='lat' dir='ltr'>sed,</span> <span class='ocrx_word' id='word_1_129' title='bbox 1044 2046 1163 2104; x_wconf 91' lang='lat' dir='ltr'>quo</span> <span class='ocrx_word' id='word_1_130' title='bbox 1190 2026 1299 2085; x_wconf 89' lang='lat' dir='ltr'>tibi</span> <span class='ocrx_word' id='word_1_131' title='bbox 1324 2024 1658 2105; x_wconf 82' lang='lat' dir='ltr'>expeditius</span> <span class='ocrx_word' id='word_1_132' title='bbox 1693 2033 1782 2083; x_wconf 85' lang='lat' dir='ltr'>cst</span> <span class='ocrx_word' id='word_1_133' title='bbox 1810 2044 1984 2101; x_wconf 80' lang='lat' dir='ltr'>agere</span> <span class='ocrx_word' id='word_1_134' title='bbox 2026 2023 2308 2103; x_wconf 86' lang='lat' dir='ltr'>quicquid</span> <span class='ocrx_word' id='word_1_135' title='bbox 2336 2023 2505 2093; x_wconf 86' lang='lat' dir='ltr'>velis,</span> <span class='ocrx_word' id='word_1_136' title='bbox 2537 2044 2610 2082; x_wconf 88' lang='lat' dir='ltr'>eo</span> <span class='ocrx_word' id='word_1_137' title='bbox 2646 2025 2788 2084; x_wconf 86' lang='lat' dir='ltr'>dili·-</span> 
     </span>
     <span class='ocr_line' id='line_1_18' title="bbox 890 2120 2786 2201; baseline 0.003 -23"><span class='ocrx_word' id='word_1_138' title='bbox 890 2121 1118 2199; x_wconf 82' lang='lat' dir='ltr'>gentius</span> <span class='ocrx_word' id='word_1_139' title='bbox 1146 2121 1439 2201; x_wconf 84' lang='lat' dir='ltr'>expende,</span> <span class='ocrx_word' id='word_1_140' title='bbox 1467 2121 1614 2200; x_wconf 90' lang='lat' dir='ltr'>quid</span> <span class='ocrx_word' id='word_1_141' title='bbox 1649 2120 1777 2180; x_wconf 86' lang='lat' dir='ltr'>fieri</span> <span class='ocrx_word' id='word_1_142' title='bbox 1802 2121 2035 2190; x_wconf 75' lang='lat' dir='ltr'>deceat,</span> <span class='ocrx_word' id='word_1_143' title='bbox 2061 2140 2404 2200; x_wconf 84' lang='lat' dir='ltr'>semperque</span> <span class='ocrx_word' id='word_1_144' title='bbox 2431 2122 2716 2182; x_wconf 77' lang='lat' dir='ltr'>rationem</span> <span class='ocrx_word' id='word_1_145' title='bbox 2743 2144 2786 2183; x_wconf 76' lang='lat' dir='ltr'>a.</span> 
     </span>
     <span class='ocr_line' id='line_1_19' title="bbox 892 2216 2787 2298; baseline 0.002 -23"><span class='ocrx_word' id='word_1_146' title='bbox 892 2228 951 2275; x_wconf 88' lang='lat' dir='ltr'>te</span> <span class='ocrx_word' id='word_1_147' title='bbox 972 2218 1259 2276; x_wconf 77' lang='lat' dir='ltr'>factorum</span> <span class='ocrx_word' id='word_1_148' title='bbox 1290 2226 1509 2298; x_wconf 86' lang='lat' dir='ltr'>repete,</span> <span class='ocrx_word' id='word_1_149' title='bbox 1536 2228 1698 2277; x_wconf 84' lang='lat' dir='ltr'>recte</span> <span class='ocrx_word' id='word_1_150' title='bbox 1733 2238 1808 2276; x_wconf 78' lang='lat' dir='ltr'>an</span> <span class='ocrx_word' id='word_1_151' title='bbox 1846 2238 2014 2275; x_wconf 87' lang='lat' dir='ltr'>secus</span> <span class='ocrx_word' id='word_1_152' title='bbox 2038 2216 2264 2294; x_wconf 79' lang='lat' dir='ltr'>egeris3</span> <span class='ocrx_word' id='word_1_153' title='bbox 2309 2224 2373 2275; x_wconf 85' lang='lat' dir='ltr'>et</span> <span class='ocrx_word' id='word_1_154' title='bbox 2395 2218 2598 2295; x_wconf 78' lang='lat' dir='ltr'>qualis</span> <span class='ocrx_word' id='word_1_155' title='bbox 2623 2218 2787 2279; x_wconf 70' lang='lat' dir='ltr'>fucta</span> 
     </span>
     <span class='ocr_line' id='line_1_20' title="bbox 889 2314 2784 2394; baseline 0.001 -21"><span class='ocrx_word' id='word_1_156' title='bbox 889 2314 1187 2391; x_wconf 84' lang='lat' dir='ltr'>hominum</span> <span class='ocrx_word' id='word_1_157' title='bbox 1211 2333 1396 2383; x_wconf 72' lang='lat' dir='ltr'>amor,</span> <span class='ocrx_word' id='word_1_158' title='bbox 1422 2314 1626 2394; x_wconf 78' lang='lat' dir='ltr'>qualia</span> <span class='ocrx_word' id='word_1_159' title='bbox 1651 2314 2018 2393; x_wconf 79' lang='lat' dir='ltr'>reprehensio</span> <span class='ocrx_word' id='word_1_160' title='bbox 2041 2322 2337 2391; x_wconf 77' lang='lat' dir='ltr'>sequatur,</span> <span class='ocrx_word' id='word_1_161' title='bbox 2361 2322 2426 2371; x_wconf 89' lang='lat' dir='ltr'>ut</span> <span class='ocrx_word' id='word_1_162' title='bbox 2443 2314 2554 2373; x_wconf 75' lang='lat' dir='ltr'>ists</span> <span class='ocrx_word' id='word_1_163' title='bbox 2572 2314 2784 2385; x_wconf 77' lang='lat' dir='ltr'>facins,</span> 
     </span>
     <span class='ocr_line' id='line_1_21' title="bbox 890 2408 2784 2489; baseline 0.001 -18"><span class='ocrx_word' id='word_1_164' title='bbox 890 2410 1017 2471; x_wconf 75' lang='lat' dir='ltr'>haec</span> <span class='ocrx_word' id='word_1_165' title='bbox 1040 2411 1209 2469; x_wconf 76' lang='lat' dir='ltr'>vites.</span> <span class='ocrx_word' id='word_1_166' title='bbox 1296 2411 1441 2469; x_wconf 87' lang='lat' dir='ltr'>Nou</span> <span class='ocrx_word' id='word_1_167' title='bbox 1480 2412 1634 2470; x_wconf 89' lang='lat' dir='ltr'>enim</span> <span class='ocrx_word' id='word_1_168' title='bbox 1675 2413 1818 2489; x_wconf 77' lang='lat' dir='ltr'>quio,</span> <span class='ocrx_word' id='word_1_169' title='bbox 1851 2429 2021 2469; x_wconf 89' lang='lat' dir='ltr'>nemo</span> <span class='ocrx_word' id='word_1_170' title='bbox 2055 2419 2115 2468; x_wconf 70' lang='lat' dir='ltr'>te</span> <span class='ocrx_word' id='word_1_171' title='bbox 2145 2410 2222 2469; x_wconf 79' lang='lat' dir='ltr'>ad</span> <span class='ocrx_word' id='word_1_172' title='bbox 2250 2408 2546 2486; x_wconf 84' lang='lat' dir='ltr'>judicium</span> <span class='ocrx_word' id='word_1_173' title='bbox 2581 2424 2784 2483; x_wconf 77' lang='lat' dir='ltr'>vocat,</span> 
     </span>
     <span class='ocr_line' id='line_1_22' title="bbox 892 2504 2780 2587; baseline 0.001 -22"><span class='ocrx_word' id='word_1_174' title='bbox 892 2504 1109 2566; x_wconf 87' lang='lat' dir='ltr'>idcirco</span> <span class='ocrx_word' id='word_1_175' title='bbox 1128 2506 1494 2565; x_wconf 73' lang='lat' dir='ltr'>existimabis</span> <span class='ocrx_word' id='word_1_176' title='bbox 1515 2506 1692 2565; x_wconf 85' lang='lat' dir='ltr'>licere</span> <span class='ocrx_word' id='word_1_177' title='bbox 1717 2507 1852 2575; x_wconf 88' lang='lat' dir='ltr'>tibi,</span> <span class='ocrx_word' id='word_1_178' title='bbox 1873 2505 2153 2585; x_wconf 85' lang='lat' dir='ltr'>quicquid</span> <span class='ocrx_word' id='word_1_179' title='bbox 2176 2506 2392 2565; x_wconf 72' lang='lat' dir='ltr'>libeat:</span> <span class='ocrx_word' id='word_1_180' title='bbox 2438 2524 2544 2565; x_wconf 89' lang='lat' dir='ltr'>nec</span> <span class='ocrx_word' id='word_1_181' title='bbox 2563 2526 2780 2587; x_wconf 81' lang='lat' dir='ltr'>expec—</span> 
     </span>
     <span class='ocr_line' id='line_1_23' title="bbox 893 2600 2782 2682; baseline 0.001 -21"><span class='ocrx_word' id='word_1_182' title='bbox 893 2610 983 2661; x_wconf 84' lang='lat' dir='ltr'>tes</span> <span class='ocrx_word' id='word_1_183' title='bbox 1004 2602 1196 2662; x_wconf 86' lang='lat' dir='ltr'>donec</span> <span class='ocrx_word' id='word_1_184' title='bbox 1224 2603 1309 2661; x_wconf 76' lang='lat' dir='ltr'>its</span> <span class='ocrx_word' id='word_1_185' title='bbox 1334 2602 1549 2681; x_wconf 76' lang='lat' dir='ltr'>aliquis</span> <span class='ocrx_word' id='word_1_186' title='bbox 1585 2604 1862 2672; x_wconf 77' lang='lat' dir='ltr'>insaniet,</span> <span class='ocrx_word' id='word_1_187' title='bbox 1891 2612 1958 2661; x_wconf 91' lang='lat' dir='ltr'>ut</span> <span class='ocrx_word' id='word_1_188' title='bbox 1983 2600 2181 2682; x_wconf 74' lang='lat' dir='ltr'>palam</span> <span class='ocrx_word' id='word_1_189' title='bbox 2215 2611 2320 2661; x_wconf 77' lang='lat' dir='ltr'>tua</span> <span class='ocrx_word' id='word_1_190' title='bbox 2345 2602 2454 2661; x_wconf 87' lang='lat' dir='ltr'>tibi</span> <span class='ocrx_word' id='word_1_191' title='bbox 2489 2604 2636 2663; x_wconf 79' lang='lat' dir='ltr'>vitis</span> <span class='ocrx_word' id='word_1_192' title='bbox 2671 2624 2782 2663; x_wconf 86' lang='lat' dir='ltr'>ex·-</span> 
     </span>
     <span class='ocr_line' id='line_1_24' title="bbox 892 2696 2780 2777; baseline 0.002 -21"><span class='ocrx_word' id='word_1_193' title='bbox 892 2699 1146 2777; x_wconf 86' lang='lat' dir='ltr'>probret.</span> <span class='ocrx_word' id='word_1_194' title='bbox 1232 2696 1309 2756; x_wconf 95' lang='lat' dir='ltr'>Id</span> <span class='ocrx_word' id='word_1_195' title='bbox 1336 2698 1488 2757; x_wconf 88' lang='lat' dir='ltr'>enim</span> <span class='ocrx_word' id='word_1_196' title='bbox 1520 2701 1619 2756; x_wconf 84' lang='lat' dir='ltr'>vix</span> <span class='ocrx_word' id='word_1_197' title='bbox 1646 2698 1982 2776; x_wconf 81' lang='lat' dir='ltr'>quisquam,</span> <span class='ocrx_word' id='word_1_198' title='bbox 2008 2699 2188 2758; x_wconf 75' lang='lat' dir='ltr'>etiam</span> <span class='ocrx_word' id='word_1_199' title='bbox 2218 2696 2573 2758; x_wconf 72' lang='lat' dir='ltr'>intolerabili</span> <span class='ocrx_word' id='word_1_200' title='bbox 2599 2698 2780 2759; x_wconf 72' lang='lat' dir='ltr'>affec-</span> 
     </span>
     <span class='ocr_line' id='line_1_25' title="bbox 890 2791 2780 2883; baseline 0.001 -32"><span class='ocrx_word' id='word_1_201' title='bbox 890 2800 989 2851; x_wconf 90' lang='lat' dir='ltr'>tus</span> <span class='ocrx_word' id='word_1_202' title='bbox 1012 2792 1249 2869; x_wconf 78' lang='lat' dir='ltr'>injuria,</span> <span class='ocrx_word' id='word_1_203' title='bbox 1276 2791 1495 2850; x_wconf 85' lang='lat' dir='ltr'>fecerit.</span> <span class='ocrx_word' id='word_1_204' title='bbox 1580 2791 1810 2851; x_wconf 79' lang='lat' dir='ltr'>Contra</span> <span class='ocrx_word' id='word_1_205' title='bbox 1835 2793 1990 2851; x_wconf 89' lang='lat' dir='ltr'>enim</span> <span class='ocrx_word' id='word_1_206' title='bbox 2019 2804 2129 2864; x_wconf 65' lang='lat' dir='ltr'>est,</span> <span class='ocrx_word' id='word_1_207' title='bbox 2157 2802 2220 2853; x_wconf 88' lang='lat' dir='ltr'>et</span> <span class='ocrx_word' id='word_1_208' title='bbox 2243 2793 2508 2883; x_wconf 79' lang='lat' dir='ltr'>plerique</span> <span class='ocrx_word' id='word_1_209' title='bbox 2535 2804 2666 2873; x_wconf 81' lang='lat' dir='ltr'>post</span> <span class='ocrx_word' id='word_1_210' title='bbox 2690 2796 2780 2853; x_wconf 90' lang='lat' dir='ltr'>in-</span> 
     </span>
     <span class='ocr_line' id='line_1_26' title="bbox 882 2886 2776 2970; baseline 0.003 -26"><span class='ocrx_word' id='word_1_211' title='bbox 882 2886 1103 2965; x_wconf 77' lang='lat' dir='ltr'>juriam</span> <span class='ocrx_word' id='word_1_212' title='bbox 1124 2888 1343 2964; x_wconf 75' lang='lat' dir='ltr'>gratiss</span> <span class='ocrx_word' id='word_1_213' title='bbox 1360 2896 1543 2966; x_wconf 77' lang='lat' dir='ltr'>agunt</span> <span class='ocrx_word' id='word_1_214' title='bbox 1566 2888 1902 2966; x_wconf 88' lang='lat' dir='ltr'>potentiori,</span> <span class='ocrx_word' id='word_1_215' title='bbox 1919 2888 2068 2947; x_wconf 85' lang='lat' dir='ltr'>nibil</span> <span class='ocrx_word' id='word_1_216' title='bbox 2095 2910 2264 2970; x_wconf 78' lang='lat' dir='ltr'>aeque</span> <span class='ocrx_word' id='word_1_217' title='bbox 2283 2897 2580 2960; x_wconf 75' lang='lat' dir='ltr'>caventes,</span> <span class='ocrx_word' id='word_1_218' title='bbox 2599 2910 2776 2969; x_wconf 78' lang='lat' dir='ltr'>quam</span> 
     </span>
     <span class='ocr_line' id='line_1_27' title="bbox 891 2982 2776 3065; baseline 0.001 -24"><span class='ocrx_word' id='word_1_219' title='bbox 891 3002 964 3042; x_wconf 88' lang='lat' dir='ltr'>ne</span> <span class='ocrx_word' id='word_1_220' title='bbox 990 3002 1329 3043; x_wconf 85' lang='lat' dir='ltr'>succensere</span> <span class='ocrx_word' id='word_1_221' title='bbox 1366 2982 1691 3043; x_wconf 79' lang='lat' dir='ltr'>videantur.</span> <span class='ocrx_word' id='word_1_222' title='bbox 1777 2982 1900 3042; x_wconf 89' lang='lat' dir='ltr'>Sed</span> <span class='ocrx_word' id='word_1_223' title='bbox 1940 2985 2260 3065; x_wconf 87' lang='lat' dir='ltr'>principem</span> <span class='ocrx_word' id='word_1_224' title='bbox 2295 2984 2520 3043; x_wconf 75' lang='lat' dir='ltr'>animos</span> <span class='ocrx_word' id='word_1_225' title='bbox 2543 3005 2776 3044; x_wconf 89' lang='lat' dir='ltr'>suorum</span> 
     </span>
     <span class='ocr_line' id='line_1_28' title="bbox 892 3065 2776 3159; baseline 0.001 -22"><span class='ocrx_word' id='word_1_226' title='bbox 892 3100 1005 3138; x_wconf 87' lang='lat' dir='ltr'>non</span> <span class='ocrx_word' id='word_1_227' title='bbox 1042 3088 1163 3138; x_wconf 77' lang='lat' dir='ltr'>tam</span> <span class='ocrx_word' id='word_1_228' title='bbox 1206 3100 1281 3139; x_wconf 84' lang='lat' dir='ltr'>ex</span> <span class='ocrx_word' id='word_1_229' title='bbox 1308 3081 1499 3139; x_wconf 81' lang='lat' dir='ltr'>verbis</span> <span class='ocrx_word' id='word_1_230' title='bbox 1536 3081 1822 3157; x_wconf 86' lang='lat' dir='ltr'>cujusque</span> <span class='ocrx_word' id='word_1_231' title='bbox 1847 3082 2136 3139; x_wconf 73' lang='lat' dir='ltr'>aestimnre</span> <span class='ocrx_word' id='word_1_232' title='bbox 2167 3065 2468 3151; x_wconf 86' lang='lat' dir='ltr'>convenit,</span> <span class='ocrx_word' id='word_1_233' title='bbox 2493 3100 2673 3159; x_wconf 77' lang='lat' dir='ltr'>quam</span> <span class='ocrx_word' id='word_1_234' title='bbox 2699 3100 2776 3141; x_wconf 87' lang='lat' dir='ltr'>ex</span> 
     </span>
     <span class='ocr_line' id='line_1_29' title="bbox 890 3176 2736 3257; baseline 0 -22"><span class='ocrx_word' id='word_1_235' title='bbox 890 3176 1253 3257; x_wconf 76' lang='lat' dir='ltr'>reputatione</span> <span class='ocrx_word' id='word_1_236' title='bbox 1278 3196 1501 3247; x_wconf 89' lang='lat' dir='ltr'>eorum,</span> <span class='ocrx_word' id='word_1_237' title='bbox 1524 3196 1660 3256; x_wconf 81' lang='lat' dir='ltr'>quae</span> <span class='ocrx_word' id='word_1_238' title='bbox 1679 3177 1912 3256; x_wconf 87' lang='lat' dir='ltr'>penitus</span> <span class='ocrx_word' id='word_1_239' title='bbox 1931 3198 2064 3236; x_wconf 91' lang='lat' dir='ltr'>eum</span> <span class='ocrx_word' id='word_1_240' title='bbox 2085 3179 2298 3237; x_wconf 87' lang='lat' dir='ltr'>sentire</span> <span class='ocrx_word' id='word_1_241' title='bbox 2313 3177 2390 3237; x_wconf 84' lang='lat' dir='ltr'>sit</span> <span class='ocrx_word' id='word_1_242' title='bbox 2411 3177 2736 3257; x_wconf 80' lang='lat' dir='ltr'>probabile.</span> 
     </span>
    </p>

    <p class='ocr_par' dir='ltr' id='par_1_4' title="bbox 885 3272 2786 4412">
     <span class='ocr_line' id='line_1_30' title="bbox 966 3272 2778 3353; baseline 0 -22"><span class='ocrx_word' id='word_1_243' title='bbox 966 3280 1067 3333; x_wconf 81' lang='lat'>68.</span> <span class='ocrx_word' id='word_1_244' title='bbox 1112 3283 1128 3308; x_wconf 89' lang='lat'><strong>‘</strong></span> <span class='ocrx_word' id='word_1_245' title='bbox 1162 3272 1323 3332; x_wconf 80' lang='lat' dir='ltr'>Haec</span> <span class='ocrx_word' id='word_1_246' title='bbox 1365 3293 1537 3350; x_wconf 78' lang='lat' dir='ltr'>agere</span> <span class='ocrx_word' id='word_1_247' title='bbox 1578 3282 1637 3331; x_wconf 88' lang='lat' dir='ltr'>te</span> <span class='ocrx_word' id='word_1_248' title='bbox 1675 3273 1956 3351; x_wconf 86' lang='lat' dir='ltr'>pervelim</span> <span class='ocrx_word' id='word_1_249' title='bbox 1991 3274 2283 3343; x_wconf 87' lang='lat' dir='ltr'>nimirum,</span> <span class='ocrx_word' id='word_1_250' title='bbox 2332 3273 2557 3344; x_wconf 63' lang='lat' dir='ltr'>Cmr,</span> <span class='ocrx_word' id='word_1_251' title='bbox 2599 3282 2778 3353; x_wconf 77' lang='lat' dir='ltr'>atque</span> 
     </span>
     <span class='ocr_line' id='line_1_31' title="bbox 890 3366 2780 3448; baseline 0 -21"><span class='ocrx_word' id='word_1_252' title='bbox 890 3368 979 3427; x_wconf 84' lang='lat' dir='ltr'>his</span> <span class='ocrx_word' id='word_1_253' title='bbox 1003 3368 1235 3427; x_wconf 74' lang='lat' dir='ltr'>similia.</span> <span class='ocrx_word' id='word_1_254' title='bbox 1323 3368 1524 3426; x_wconf 79' lang='lat' dir='ltr'>Multa</span> <span class='ocrx_word' id='word_1_255' title='bbox 1548 3368 1704 3426; x_wconf 86' lang='lat' dir='ltr'>enim</span> <span class='ocrx_word' id='word_1_256' title='bbox 1730 3369 2006 3447; x_wconf 67' lang='lat' dir='ltr'>praeterii,</span> <span class='ocrx_word' id='word_1_257' title='bbox 2033 3368 2192 3448; x_wconf 91' lang='lat' dir='ltr'>quod</span> <span class='ocrx_word' id='word_1_258' title='bbox 2225 3377 2439 3429; x_wconf 77' lang='lat' dir='ltr'>cuncta</span> <span class='ocrx_word' id='word_1_259' title='bbox 2463 3366 2634 3427; x_wconf 89' lang='lat' dir='ltr'>simul</span> <span class='ocrx_word' id='word_1_260' title='bbox 2663 3388 2780 3427; x_wconf 87' lang='lat' dir='ltr'>uno</span> 
     </span>
     <span class='ocr_line' id='line_1_32' title="bbox 888 3463 2778 3544; baseline 0.001 -23"><span class='ocrx_word' id='word_1_261' title='bbox 888 3484 1147 3522; x_wconf 83' lang='lat' dir='ltr'>sermone</span> <span class='ocrx_word' id='word_1_262' title='bbox 1182 3463 1597 3542; x_wconf 84' lang='lat' dir='ltr'>comprehendi</span> <span class='ocrx_word' id='word_1_263' title='bbox 1639 3483 1756 3523; x_wconf 91' lang='lat' dir='ltr'>non</span> <span class='ocrx_word' id='word_1_264' title='bbox 1807 3474 2097 3544; x_wconf 77' lang='lat' dir='ltr'>poterant.</span> <span class='ocrx_word' id='word_1_265' title='bbox 2182 3464 2276 3525; x_wconf 77' lang='lat' dir='ltr'>At</span> <span class='ocrx_word' id='word_1_266' title='bbox 2325 3484 2502 3523; x_wconf 89' lang='lat' dir='ltr'>unum</span> <span class='ocrx_word' id='word_1_267' title='bbox 2549 3466 2608 3523; x_wconf 91' lang='lat' dir='ltr'>in</span> <span class='ocrx_word' id='word_1_268' title='bbox 2655 3484 2778 3544; x_wconf 91' lang='lat' dir='ltr'>quo</span> 
     </span>
     <span class='ocr_line' id='line_1_33' title="bbox 888 3560 2778 3640; baseline 0.001 -23"><span class='ocrx_word' id='word_1_269' title='bbox 888 3578 1129 3618; x_wconf 77' lang='lat' dir='ltr'>censeas</span> <span class='ocrx_word' id='word_1_270' title='bbox 1162 3578 1289 3617; x_wconf 85' lang='lat' dir='ltr'>esse</span> <span class='ocrx_word' id='word_1_271' title='bbox 1326 3560 1543 3629; x_wconf 80' lang='lat' dir='ltr'>omnia,</span> <span class='ocrx_word' id='word_1_272' title='bbox 1590 3580 1840 3639; x_wconf 83' lang='lat' dir='ltr'>quaeque</span> <span class='ocrx_word' id='word_1_273' title='bbox 1881 3560 2070 3629; x_wconf 77' lang='lat' dir='ltr'>dicta,</span> <span class='ocrx_word' id='word_1_274' title='bbox 2103 3580 2353 3640; x_wconf 82' lang='lat' dir='ltr'>quaeque</span> <span class='ocrx_word' id='word_1_275' title='bbox 2393 3562 2778 3639; x_wconf 79' lang='lat' dir='ltr'>praetermisss</span> 
     </span>
     <span class='ocr_line' id='line_1_34' title="bbox 888 3655 2778 3737; baseline 0.001 -24"><span class='ocrx_word' id='word_1_276' title='bbox 888 3663 1043 3723; x_wconf 84' lang='lat' dir='ltr'>suut,</span> <span class='ocrx_word' id='word_1_277' title='bbox 1070 3655 1383 3733; x_wconf 78' lang='lat' dir='ltr'>subjiciam</span> <span class='ocrx_word' id='word_1_278' title='bbox 1409 3676 1424 3713; x_wconf 78' lang='lat' dir='ltr'>t</span> <span class='ocrx_word' id='word_1_279' title='bbox 1468 3655 1517 3714; x_wconf 90' lang='lat' dir='ltr'>si</span> <span class='ocrx_word' id='word_1_280' title='bbox 1543 3656 1749 3735; x_wconf 76' lang='lat' dir='ltr'>qualia</span> <span class='ocrx_word' id='word_1_281' title='bbox 1775 3658 1852 3715; x_wconf 79' lang='lat' dir='ltr'>ab</span> <span class='ocrx_word' id='word_1_282' title='bbox 1882 3656 2018 3716; x_wconf 77' lang='lat' dir='ltr'>aliis</span> <span class='ocrx_word' id='word_1_283' title='bbox 2052 3656 2180 3717; x_wconf 85' lang='lat' dir='ltr'>fieri</span> <span class='ocrx_word' id='word_1_284' title='bbox 2219 3656 2391 3727; x_wconf 84' lang='lat' dir='ltr'>velis,</span> <span class='ocrx_word' id='word_1_285' title='bbox 2423 3658 2545 3737; x_wconf 88' lang='lat' dir='ltr'>ipse</span> <span class='ocrx_word' id='word_1_286' title='bbox 2570 3666 2778 3737; x_wconf 84' lang='lat' dir='ltr'>sponte</span> 
     </span>
     <span class='ocr_line' id='line_1_35' title="bbox 886 3749 2772 3834; baseline 0.002 -25"><span class='ocrx_word' id='word_1_287' title='bbox 886 3749 1097 3822; x_wconf 80' lang='lat' dir='ltr'>facias,</span> <span class='ocrx_word' id='word_1_288' title='bbox 1124 3772 1314 3831; x_wconf 88' lang='lat' dir='ltr'>neque</span> <span class='ocrx_word' id='word_1_289' title='bbox 1342 3754 1618 3833; x_wconf 79' lang='lat' dir='ltr'>peccabis</span> <span class='ocrx_word' id='word_1_290' title='bbox 1643 3754 1704 3812; x_wconf 89' lang='lat' dir='ltr'>iu</span> <span class='ocrx_word' id='word_1_291' title='bbox 1734 3752 1864 3814; x_wconf 76' lang='lat' dir='ltr'>ulla</span> <span class='ocrx_word' id='word_1_292' title='bbox 1897 3774 1982 3823; x_wconf 87' lang='lat' dir='ltr'>re,</span> <span class='ocrx_word' id='word_1_293' title='bbox 2011 3764 2074 3814; x_wconf 88' lang='lat' dir='ltr'>et</span> <span class='ocrx_word' id='word_1_294' title='bbox 2096 3755 2294 3816; x_wconf 77' lang='lat' dir='ltr'>omnis</span> <span class='ocrx_word' id='word_1_295' title='bbox 2329 3762 2486 3813; x_wconf 91' lang='lat' dir='ltr'>recte</span> <span class='ocrx_word' id='word_1_296' title='bbox 2513 3774 2586 3812; x_wconf 77' lang='lat' dir='ltr'>sc</span> <span class='ocrx_word' id='word_1_297' title='bbox 2613 3774 2772 3834; x_wconf 83' lang='lat' dir='ltr'>pros-</span> 
     </span>
     <span class='ocr_line' id='line_1_36' title="bbox 888 3847 2777 3929; baseline 0.004 -24"><span class='ocrx_word' id='word_1_298' title='bbox 888 3867 1025 3927; x_wconf 89' lang='lat' dir='ltr'>pere</span> <span class='ocrx_word' id='word_1_299' title='bbox 1050 3867 1232 3925; x_wconf 80' lang='lat' dir='ltr'>geres.</span> <span class='ocrx_word' id='word_1_300' title='bbox 1299 3847 1459 3907; x_wconf 83' lang='lat' dir='ltr'>Haec</span> <span class='ocrx_word' id='word_1_301' title='bbox 1483 3850 1595 3908; x_wconf 87' lang='lat' dir='ltr'>erit</span> <span class='ocrx_word' id='word_1_302' title='bbox 1608 3848 2032 3926; x_wconf 81' lang='lat' dir='ltr'>jucundissima</span> <span class='ocrx_word' id='word_1_303' title='bbox 2047 3848 2254 3909; x_wconf 76' lang='lat' dir='ltr'>eadem</span> <span class='ocrx_word' id='word_1_304' title='bbox 2283 3858 2459 3929; x_wconf 79' lang='lat' dir='ltr'>atque</span> <span class='ocrx_word' id='word_1_305' title='bbox 2487 3851 2777 3912; x_wconf 78' lang='lat' dir='ltr'>tutissima</span> 
     </span>
     <span class='ocr_line' id='line_1_37' title="bbox 888 3943 2775 4025; baseline 0.003 -24"><span class='ocrx_word' id='word_1_306' title='bbox 888 3943 1169 4021; x_wconf 77' lang='lat' dir='ltr'>regnandi</span> <span class='ocrx_word' id='word_1_307' title='bbox 1197 3944 1365 4003; x_wconf 77' lang='lat' dir='ltr'>ratio,</span> <span class='ocrx_word' id='word_1_308' title='bbox 1449 3944 1576 4009; x_wconf 81' lang='lat' dir='ltr'>Qui</span> <span class='ocrx_word' id='word_1_309' title='bbox 1622 3944 1777 4004; x_wconf 86' lang='lat' dir='ltr'>enim</span> <span class='ocrx_word' id='word_1_310' title='bbox 1819 3944 1950 4004; x_wconf 88' lang='lat' dir='ltr'>fieri</span> <span class='ocrx_word' id='word_1_311' title='bbox 1981 3946 2184 4025; x_wconf 86' lang='lat' dir='ltr'>possit,</span> <span class='ocrx_word' id='word_1_312' title='bbox 2212 3947 2354 4024; x_wconf 88' lang='lat' dir='ltr'>quin</span> <span class='ocrx_word' id='word_1_313' title='bbox 2397 3956 2455 4004; x_wconf 90' lang='lat' dir='ltr'>te</span> <span class='ocrx_word' id='word_1_314' title='bbox 2483 3966 2688 4007; x_wconf 87' lang='lat' dir='ltr'>omnes</span> <span class='ocrx_word' id='word_1_315' title='bbox 2711 3956 2775 4007; x_wconf 90' lang='lat' dir='ltr'>ut</span> 
     </span>
     <span class='ocr_line' id='line_1_38' title="bbox 888 4041 2776 4119; baseline 0.002 -20"><span class='ocrx_word' id='word_1_316' title='bbox 888 4050 1112 4119; x_wconf 79' lang='lat' dir='ltr'>patrem</span> <span class='ocrx_word' id='word_1_317' title='bbox 1136 4048 1199 4099; x_wconf 89' lang='lat' dir='ltr'>et</span> <span class='ocrx_word' id='word_1_318' title='bbox 1222 4050 1575 4100; x_wconf 77' lang='lat' dir='ltr'>servatorem</span> <span class='ocrx_word' id='word_1_319' title='bbox 1605 4042 1940 4102; x_wconf 80' lang='lat' dir='ltr'>intueantur</span> <span class='ocrx_word' id='word_1_320' title='bbox 1967 4062 2038 4101; x_wconf 81' lang='lat' dir='ltr'>ac</span> <span class='ocrx_word' id='word_1_321' title='bbox 2063 4041 2337 4119; x_wconf 76' lang='lat' dir='ltr'>dilig-snt,</span> <span class='ocrx_word' id='word_1_322' title='bbox 2358 4044 2408 4103; x_wconf 90' lang='lat' dir='ltr'>si</span> <span class='ocrx_word' id='word_1_323' title='bbox 2437 4053 2495 4102; x_wconf 92' lang='lat' dir='ltr'>te</span> <span class='ocrx_word' id='word_1_324' title='bbox 2522 4042 2776 4103; x_wconf 87' lang='lat' dir='ltr'>viderint</span> 
     </span>
     <span class='ocr_line' id='line_1_39' title="bbox 886 4136 2776 4219; baseline 0.002 -24"><span class='ocrx_word' id='word_1_325' title='bbox 886 4137 1233 4208; x_wconf 86' lang='lat' dir='ltr'>modestum,</span> <span class='ocrx_word' id='word_1_326' title='bbox 1254 4138 1563 4216; x_wconf 81' lang='lat' dir='ltr'>integrum,</span> <span class='ocrx_word' id='word_1_327' title='bbox 1592 4136 1959 4209; x_wconf 88' lang='lat' dir='ltr'>bellicosum,</span> <span class='ocrx_word' id='word_1_328' title='bbox 1981 4138 2315 4219; x_wconf 70' lang='lat' dir='ltr'>pacificum,</span> <span class='ocrx_word' id='word_1_329' title='bbox 2338 4159 2452 4198; x_wconf 89' lang='lat' dir='ltr'>non</span> <span class='ocrx_word' id='word_1_330' title='bbox 2473 4151 2776 4201; x_wconf 85' lang='lat' dir='ltr'>contume-</span> 
     </span>
     <span class='ocr_line' id='line_1_40' title="bbox 886 4229 2786 4317; baseline 0.003 -28"><span class='ocrx_word' id='word_1_331' title='bbox 886 4229 1117 4303; x_wconf 85' lang='lat' dir='ltr'>liosum,</span> <span class='ocrx_word' id='word_1_332' title='bbox 1142 4253 1258 4293; x_wconf 85' lang='lat' dir='ltr'>non</span> <span class='ocrx_word' id='word_1_333' title='bbox 1288 4253 1552 4305; x_wconf 78' lang='lat' dir='ltr'>avarum,</span> <span class='ocrx_word' id='word_1_334' title='bbox 1580 4244 1642 4294; x_wconf 89' lang='lat' dir='ltr'>et</span> <span class='ocrx_word' id='word_1_335' title='bbox 1674 4236 1730 4293; x_wconf 90' lang='lat' dir='ltr'>in</span> <span class='ocrx_word' id='word_1_336' title='bbox 1773 4242 1942 4315; x_wconf 65' lang='lat' dir='ltr'>tants</span> <span class='ocrx_word' id='word_1_337' title='bbox 1976 4236 2240 4315; x_wconf 77' lang='lat' dir='ltr'>potentia</span> <span class='ocrx_word' id='word_1_338' title='bbox 2274 4236 2531 4296; x_wconf 85' lang='lat' dir='ltr'>civiliter</span> <span class='ocrx_word' id='word_1_339' title='bbox 2571 4238 2786 4317; x_wconf 70' lang='lat' dir='ltr'>viven-⁴</span> 
     </span>
     <span class='ocr_line' id='line_1_41' title="bbox 885 4328 2772 4412; baseline 0.001 -23"><span class='ocrx_word' id='word_1_340' title='bbox 885 4329 1049 4389; x_wconf 74' lang='lat' dir='ltr'>tem?</span> <span class='ocrx_word' id='word_1_341' title='bbox 1092 4328 1245 4396; x_wconf 76' lang='lat' dir='ltr'>Quis</span> <span class='ocrx_word' id='word_1_342' title='bbox 1277 4333 1435 4391; x_wconf 87' lang='lat' dir='ltr'>enim</span> <span class='ocrx_word' id='word_1_343' title='bbox 1460 4331 1614 4392; x_wconf 76' lang='lat' dir='ltr'>ferat</span> <span class='ocrx_word' id='word_1_344' title='bbox 1651 4332 2026 4393; x_wconf 76' lang='lat' dir='ltr'>incubantem</span> <span class='ocrx_word' id='word_1_345' title='bbox 2051 4332 2295 4405; x_wconf 80' lang='lat' dir='ltr'>divitiis,</span> <span class='ocrx_word' id='word_1_346' title='bbox 2325 4342 2504 4412; x_wconf 77' lang='lat' dir='ltr'>atque</span> <span class='ocrx_word' id='word_1_347' title='bbox 2531 4333 2608 4393; x_wconf 77' lang='lat' dir='ltr'>ab</span> <span class='ocrx_word' id='word_1_348' title='bbox 2635 4332 2772 4395; x_wconf 73' lang='lat' dir='ltr'>aliis</span> 
     </span>
    </p>
   </div>
  </div>
 </body>
</html>
