3159 4959
575 420 750 489 ⁶5⁰0

1521 434 1591 481 T.
1636 432 1826 483 len

626 585 818 643 setho,
896 572 1177 637 Romano
1195 574 1442 635 fuisset?
1481 570 1616 634 Vos
1652 582 1848 634 autem
1874 573 1962 632 ita
1985 590 2089 631 vos
2112 570 2335 648 geritis,
2363 576 2644 647 tanquam
2668 566 2779 629 ad-

575 653 869 780 {aigun-'³³⁹
894 670 1010 730 huc
1060 691 1097 730 a
1138 669 1519 731 Telchinibus
1559 668 1911 729 incoleretur
1954 665 2179 733 insula:
2224 684 2297 723 ne
2336 664 2487 723 forte
2530 662 2779 722 oblitum

897 764 1160 827 Rhodiae
1181 766 1438 825 historiae
1457 772 1643 843 putes.
1726 762 1846 823 Sed
1874 764 1989 823 ista
2012 760 2253 839 quidem
2282 760 2470 817 mitto.

971 866 1074 921 16.
1116 870 1134 897 ‘
1154 860 1250 920 At
1271 860 1414 939 quia
1433 859 1762 939 provocatis
1780 856 1857 917 ad
1876 856 2065 917 foedus
2082 855 2240 936 quod
2260 862 2497 913 auctore
2517 852 2779 921 (ἕποιτο,

891 958 994 1035 qui
1017 964 1080 1015 et
1095 954 1514 1015 dominationis
1535 954 1649 1013 fuit
1670 962 1895 1022 auctor,
1916 952 2137 1012 factum
2154 959 2245 1010 est
2262 970 2281 1018 ς
2324 968 2397 1009 an
2420 966 2536 1007 non
2554 966 2629 1006 eo
2652 948 2779 1025 ipso

887 1053 1242 1123 continetur,
1296 1050 1637 1109 Romanum
1692 1049 2113 1127 Rhodiamque
2154 1045 2425 1127 populos,
2462 1045 2550 1103 uti
2588 1044 2781 1103 cuivis

889 1166 1038 1227 opus
1061 1156 1233 1217 esset,
1263 1146 1516 1207 invicem
1541 1145 1815 1208 auxiliari
1842 1143 2097 1204 debere?
2140 1142 2306 1209 Quin
2350 1142 2527 1219 igitur
2564 1137 2781 1198 adeda

759 1244 770 1253 '
887 1242 1002 1303 hoc
1025 1250 1288 1321 tempore
1311 1262 1537 1303 summo
1563 1243 1625 1299 in
1652 1242 1912 1321 periculo
1934 1237 2305 1299 constitutis?
2346 1236 2443 1295 En
2463 1234 2671 1295 adsum
2696 1236 2775 1295 Ο.

564 3242 773 3306 Appian-

892 1336 1158 1407 Gassius,
1186 1336 1496 1395 Romanus
1531 1347 1713 1408 certe,
1742 1354 1849 1394 nec
1884 1336 2035 1395 civis
2074 1332 2273 1403 modo,
2308 1331 2435 1402 sed,
2474 1331 2525 1389 si
2548 1350 2669 1410 qua
2692 1348 2781 1391 se·

888 1430 1344 1501 natusconsultis
1387 1430 1538 1491 fides
1581 1440 1692 1502 est,
1743 1432 2095 1509 imperatorz
2154 1436 2217 1486 et
2252 1446 2329 1486 ex
2375 1426 2505 1505 lege
2548 1418 2780 1485 foede'ris

891 1526 1116 1586 auxilia
1139 1527 1394 1606 postulo.
1484 1524 1739 1586 Easdem
1766 1527 1936 1586 vobis
1960 1524 2195 1584 foederis
2218 1521 2377 1601 leges
2407 1522 2499 1581 M.
2530 1521 2774 1593 Brutus,

887 1621 1122 1681 easdem
1141 1621 1286 1681 Sex.
1313 1620 1639 1700 Pompeius
1664 1622 1950 1699 ingerunt,
1978 1618 2287 1700 praefectus
2310 1638 2347 1677 a
2370 1626 2575 1676 senatu
2600 1618 2781 1675 mari-

887 1716 1048 1779 fiuoe
1095 1717 1199 1775 rei.
1283 1716 1607 1775 Accedunt
1648 1726 1979 1777 senatorum
2016 1734 2239 1797 preces,
2284 1714 2385 1794 qui
2430 1712 2509 1772 ad
2556 1732 2672 1784 me,
2716 1725 2779 1773 et

891 1808 1166 1885 Brutum,
1193 1819 1274 1883 et,
1301 1812 1460 1872 hunc
1479 1832 1655 1891 quem
1686 1812 1837 1885 dixi,
1864 1812 2221 1893 Pompeium
2260 1830 2338 1869 ex
2369 1810 2539 1869 Urbe
2570 1809 2775 1869 confu-

889 1916 1116 1985 gerunt.
1196 1908 1316 1967 Tot
1337 1916 1402 1967 et
1437 1908 1659 1967 talibus
1696 1908 1838 1969 viris
1872 1908 2175 1987 suppetias
2212 1907 2297 1966 ire
2334 1906 2647 1983 negabitis,
2674 1906 2777 1984 qui

883 2022 966 2063 οι
1011 2002 1266 2063 formula
1311 2002 1542 2063 foederis
1577 2004 1654 2063 ad
1700 2004 1988 2063 auxilium
2029 2003 2125 2062 vel
2168 2002 2477 2061 unicuivis
2502 2000 2777 2061 Romano

884 2096 1188 2157 ferendum
1227 2100 1550 2158 tenemini?
1634 2098 1737 2158 Sin
1768 2118 1911 2158 vero
1935 2099 2041 2158 hos
2066 2096 2469 2157 tantuimmodo
2492 2098 2595 2175 qui
2620 2115 2777 2157 nunc

887 2192 1149 2253 Romam
1173 2195 1375 2255 urbem
1403 2196 1695 2265 obtinent,
1726 2194 2133 2254 Romanorum
2155 2194 2319 2261 locos
2364 2212 2469 2251 nos
2492 2212 2599 2272 pro
2626 2212 2775 2253 exu-

889 2286 1046 2347 libus
1071 2298 1132 2348 et
1155 2292 1474 2368 peregrinis
1497 2291 1761 2350 habetis:
1806 2300 1869 2350 at
1904 2310 2011 2351 vos
2054 2288 2333 2349 Romana
2364 2287 2587 2347 foedera
2624 2290 2777 2369 obji-

886 2400 1021 2440 cere
1047 2384 1216 2443 nobis
1240 2382 1508 2443 desinite.
1596 2385 1913 2443 Serventur
1942 2406 2017 2445 ea
2040 2386 2191 2443 inter
2215 2404 2363 2463 quos
2384 2382 2613 2443 scilicet
2636 2404 2777 2444 con·

887 2485 1192 2535 venerunt.
1279 2475 1545 2546 Interim,
1569 2476 1824 2547 Rhodii,
1846 2480 1955 2537 nisi
1981 2488 2187 2558 sponte
2214 2479 2501 2557 imperata
2522 2478 2773 2550 facietis,

886 2572 968 2629 ab
997 2572 1087 2631 his
1111 2572 1386 2632 exulibus
1411 2582 1591 2652 atque
1614 2573 1931 2653 peregrinis
1962 2576 2131 2653 justo
2170 2574 2387 2654 pioque
2426 2573 2585 2633 bello
2609 2582 2773 2654 pete·-

889 2667 1080 2725 mini?

973 2768 1072 2824 17.
1115 2761 1240 2821 His
1284 2764 1362 2821 ab
1405 2763 1711 2824 Archelao
1752 2763 1959 2825 Rhodi
2004 2766 2307 2845 expositis,
2344 2765 2693 2825 Alexander
2716 2776 2777 2825 et

890 2856 1196 2928 Mnaseas,
1219 2878 1350 2918 cum
1393 2858 1520 2930 illa,
1567 2880 1744 2939 quam
1784 2860 2185 2939 praediximus‚
2224 2857 2433 2930 classe,
2480 2860 2775 2939 Myndum

889 2951 1340 3034 marigni-unt,
1377 2964 1662 3033 tanquam
1690 2956 1801 3015 hac
1842 2954 2109 3013 audaciai
2132 2956 2523 3014 ostentatione
2548 2954 2775 3015 Roma·

885 3066 993 3107 nos
1015 3049 1310 3107 territuri}
1364 3050 1795 3130 compedesque
1835 3068 2049 3127 magno
2098 3068 2337 3109 numero
2381 3060 2789 3110 monstrarunt·

885 3144 1133 3215 eminus,
1162 3152 1444 3226 tanquam
1471 3147 1741 3225 captivos
1762 3144 2045 3223 plurimos
2074 3146 2131 3204 in
2175 3154 2461 3226 potestate
2500 3166 2643 3205 mox
2668 3148 2775 3207 ha-

885 3240 1098 3299 bituri:
1139 3241 1300 3311 hinc,
1329 3244 1472 3321 quia
1497 3251 1669 3323 portu
1694 3262 1757 3301 se
1783 3240 2063 3300 Romana
2100 3242 2341 3302 tenebat
2362 3242 2588 3312 classis,
2616 3242 2769 3302 Gni—

885 3332 1025 3393 dum
1053 3336 1365 3415 petierunt.

963 3436 1064 3488 18.
1105 3430 1430 3501 Postridie,
1457 3449 1592 3489 cum
1634 3432 1765 3511 pari
1796 3441 2094 3493 contemtu
2126 3433 2355 3494 Rhodii
2382 3433 2671 3505 adessent,
2702 3434 2771 3493 L:

885 3524 1112 3585 Statius
1162 3527 1408 3586 Murcus
1455 3534 1662 3586 contra
1706 3528 1916 3589 eduxit
1958 3550 2177 3598 naves3
2234 3538 2637 3609 certatumque
2686 3540 2773 3589 est

884 3624 1115 3691 acriter,
1177 3624 1398 3701 patrias
1463 3624 1723 3702 utrisque
1789 3635 1943 3685 artes
2008 3627 2273 3703 gnaviter
2338 3616 2770 3687 adhibentibus.

885 3718 1125 3798 Quippe
1173 3717 1446 3777 Rhodios
1487 3740 1661 3778 nemo
1706 3728 1829 3781 tum
1872 3723 2149 3801 aequabat
2192 3722 2445 3781 nautieae
2490 3723 2575 3782 rei
2620 3724 2771 3802 peri-

883 3814 1004 3872 tia:
1048 3814 1311 3874 Romani
1345 3824 1552 3874 contra
1588 3816 1821 3875 lacertis
1856 3826 1917 3877 et
1950 3818 2155 3877 robore
2194 3818 2548 3878 nitebantur.
2634 3818 2771 3877 Hos

883 3928 1152 3970 numerus
1201 3920 1264 3970 et
1313 3912 1653 3989 magnitudo
1706 3915 1940 3973 navium
1993 3912 2337 3993 adjuvabat,
2390 3934 2524 3993 quoe
2582 3928 2773 3993 neque

881 4013 1192 4064 rostrorum
1227 4007 1442 4067 ictibus
1475 4007 1769 4067 cedebant
1802 4017 2038 4080 temere,
2066 4018 2127 4069 et
2160 4010 2359 4069 ferreis
2388 4011 2622 4089 injectis
2646 4030 2770 4071 ma-

883 4099 1074 4169 nibus,
1099 4102 1220 4160 cito
1259 4103 1602 4181 redegerant
1631 4104 1827 4165 hostes
1864 4125 1901 4165 a
1936 4104 2317 4165 discursando
2340 4096 2431 4163 'ad
2468 4109 2770 4165 statarium

883 4214 1155 4273 pugnam.
1241 4195 1453 4274 Igitur,
1495 4198 1727 4267 duabus
1766 4200 2135 4261 Rhodiorum
2160 4200 2425 4260 -uavibus
2460 4201 2767 4285 depressis,
