<?xml version="1.0" encoding="UTF-8"?>
<!DOCTYPE html PUBLIC "-//W3C//DTD XHTML 1.0 Transitional//EN"
    "http://www.w3.org/TR/xhtml1/DTD/xhtml1-transitional.dtd">
<html xmlns="http://www.w3.org/1999/xhtml" xml:lang="en" lang="en">
 <head>
  <title>
</title>
<meta http-equiv="Content-Type" content="text/html;charset=utf-8" />
  <meta name='ocr-system' content='tesseract 3.04.00' />
  <meta name='ocr-capabilities' content='ocr_page ocr_carea ocr_par ocr_line ocrx_word'/>
</head>
<body>
  <div class='ocr_page' id='page_1' title='image "./tliviipatavinih09livygoog_0295.png"; bbox 0 0 3159 4959; ppageno 0'>
   <div class='ocr_carea' id='block_1_1' title="bbox 818 438 2596 505">
    <p class='ocr_par' dir='ltr' id='par_1_1' title="bbox 818 438 2596 505">
     <span class='ocr_line' id='line_1_1' title="bbox 818 438 2596 505; baseline 0.002 -4"><span class='ocrx_word' id='word_1_1' title='bbox 818 450 1029 501; x_wconf 75' lang='lat' dir='ltr'><strong>mam</strong></span> <span class='ocrx_word' id='word_1_2' title='bbox 1082 450 1181 500; x_wconf 84' lang='lat' dir='ltr'><strong>cx</strong></span> <span class='ocrx_word' id='word_1_3' title='bbox 1198 446 1433 500; x_wconf 76' lang='lat' dir='ltr'><strong>xxiii.</strong></span> <span class='ocrx_word' id='word_1_4' title='bbox 1478 448 2124 503; x_wconf 63' lang='lat' dir='ltr'><strong>surenauswruu.</strong></span> <span class='ocrx_word' id='word_1_5' title='bbox 2421 438 2596 505; x_wconf 77' lang='lat'>576⁷</span> 
     </span>
    </p>
   </div>
   <div class='ocr_carea' id='block_1_2' title="bbox 354 591 2594 4275">
    <p class='ocr_par' dir='ltr' id='par_1_2' title="bbox 370 591 2572 768">
     <span class='ocr_line' id='line_1_2' title="bbox 370 591 2572 689; baseline -0.001 -36"><span class='ocrx_word' id='word_1_6' title='bbox 370 591 657 655; x_wconf 82' lang='lat' dir='ltr'><strong>translata</strong></span> <span class='ocrx_word' id='word_1_7' title='bbox 680 603 807 653; x_wconf 89' lang='lat' dir='ltr'><strong>est:</strong></span> <span class='ocrx_word' id='word_1_8' title='bbox 852 593 1135 673; x_wconf 83' lang='lat' dir='ltr'><strong>ductique</strong></span> <span class='ocrx_word' id='word_1_9' title='bbox 1163 594 1338 654; x_wconf 71' lang='lat' dir='ltr'><strong>liberi</strong></span> <span class='ocrx_word' id='word_1_10' title='bbox 1370 596 1505 673; x_wconf 64' lang='lat' dir='ltr'><strong>ejus</strong></span> <span class='ocrx_word' id='word_1_11' title='bbox 1529 594 1884 655; x_wconf 77' lang='lat' dir='ltr'><strong>Alexander</strong></span> <span class='ocrx_word' id='word_1_12' title='bbox 1921 606 1982 655; x_wconf 80' lang='lat' dir='ltr'><strong>et</strong></span> <span class='ocrx_word' id='word_1_13' title='bbox 2010 594 2270 676; x_wconf 56' lang='lat' dir='ltr'><strong>Cleopa.</strong></span> <span class='ocrx_word' id='word_1_14' title='bbox 2327 632 2514 689; x_wconf 66' lang='lat' dir='ltr'><strong>Euseb&#39;</strong></span> <span class='ocrx_word' id='word_1_15' title='bbox 2567 637 2572 645; x_wconf 91' lang='lat'><strong>.</strong></span> 
     </span>
     <span class='ocr_line' id='line_1_3' title="bbox 370 679 2507 768; baseline 0.003 -20"><span class='ocrx_word' id='word_1_16' title='bbox 370 697 488 762; x_wconf 85' lang='lat' dir='ltr'><strong>tra,</strong></span> <span class='ocrx_word' id='word_1_17' title='bbox 509 690 723 768; x_wconf 84' lang='lat' dir='ltr'><strong>quibus</strong></span> <span class='ocrx_word' id='word_1_18' title='bbox 744 689 905 749; x_wconf 88' lang='lat' dir='ltr'><strong>Solis</strong></span> <span class='ocrx_word' id='word_1_19' title='bbox 928 710 1001 750; x_wconf 83' lang='lat' dir='ltr'><strong>ac</strong></span> <span class='ocrx_word' id='word_1_20' title='bbox 1028 688 1217 750; x_wconf 64' lang='lat' dir='ltr'><strong>Lunai</strong></span> <span class='ocrx_word' id='word_1_21' title='bbox 1250 693 1487 751; x_wconf 86' lang='lat' dir='ltr'><strong>nomina</strong></span> <span class='ocrx_word' id='word_1_22' title='bbox 1512 690 1828 751; x_wconf 79' lang='lat' dir='ltr'><strong>indiderat.</strong></span> <span class='ocrx_word' id='word_1_23' title='bbox 2296 679 2507 755; x_wconf 69' lang='lat' dir='ltr'><strong>Chrom&#39;</strong></span> 
     </span>
    </p>

    <p class='ocr_par' dir='ltr' id='par_1_3' title="bbox 366 785 2594 1541">
     <span class='ocr_line' id='line_1_4' title="bbox 449 785 2409 867; baseline -0.001 -22"><span class='ocrx_word' id='word_1_24' title='bbox 449 792 550 845; x_wconf 79' lang='grc'><strong>83.</strong></span> <span class='ocrx_word' id='word_1_25' title='bbox 596 785 721 844; x_wconf 85' lang='lat' dir='ltr'><strong>His</strong></span> <span class='ocrx_word' id='word_1_26' title='bbox 744 786 803 845; x_wconf 86' lang='lat' dir='ltr'><strong>in</strong></span> <span class='ocrx_word' id='word_1_27' title='bbox 828 786 1141 867; x_wconf 71' lang='lat' dir='ltr'><strong>triumphis</strong></span> <span class='ocrx_word' id='word_1_28' title='bbox 1166 786 1309 845; x_wconf 88' lang='lat' dir='ltr'><strong>nihil</strong></span> <span class='ocrx_word' id='word_1_29' title='bbox 1346 808 1423 847; x_wconf 83' lang='lat' dir='ltr'><strong>ex</strong></span> <span class='ocrx_word' id='word_1_30' title='bbox 1466 788 1712 866; x_wconf 87' lang='lat' dir='ltr'><strong>antiquo</strong></span> <span class='ocrx_word' id='word_1_31' title='bbox 1751 795 2044 847; x_wconf 84' lang='lat' dir='ltr'><strong>mutatum</strong></span> <span class='ocrx_word' id='word_1_32' title='bbox 2085 806 2270 846; x_wconf 87' lang='lat' dir='ltr'><strong>anno-</strong></span> <span class='ocrx_word' id='word_1_33' title='bbox 2294 792 2409 843; x_wconf 83' lang='lat' dir='ltr'><strong>Dio.</strong></span> 
     </span>
     <span class='ocr_line' id='line_1_5' title="bbox 370 880 2272 965; baseline 0 -22"><span class='ocrx_word' id='word_1_34' title='bbox 370 891 561 951; x_wconf 73' lang='lat' dir='ltr'><strong>taturz</strong></span> <span class='ocrx_word' id='word_1_35' title='bbox 606 884 717 943; x_wconf 78' lang='lat' dir='ltr'><strong>nisi</strong></span> <span class='ocrx_word' id='word_1_36' title='bbox 752 880 917 963; x_wconf 82' lang='lat' dir='ltr'><strong>quod</strong></span> <span class='ocrx_word' id='word_1_37' title='bbox 955 904 1033 945; x_wconf 82' lang='lat' dir='ltr'><strong>ex</strong></span> <span class='ocrx_word' id='word_1_38' title='bbox 1082 904 1305 965; x_wconf 85' lang='lat' dir='ltr'><strong>nupero</strong></span> <span class='ocrx_word' id='word_1_39' title='bbox 1345 884 1583 944; x_wconf 86' lang='lat' dir='ltr'><strong>decreto</strong></span> <span class='ocrx_word' id='word_1_40' title='bbox 1629 903 1865 943; x_wconf 89' lang='lat' dir='ltr'><strong>currum</strong></span> <span class='ocrx_word' id='word_1_41' title='bbox 1907 885 2092 942; x_wconf 88' lang='lat' dir='ltr'><strong>secuti</strong></span> <span class='ocrx_word' id='word_1_42' title='bbox 2135 892 2272 943; x_wconf 85' lang='lat' dir='ltr'><strong>sunt</strong></span> 
     </span>
     <span class='ocr_line' id='line_1_6' title="bbox 368 980 2264 1061; baseline 0.001 -24"><span class='ocrx_word' id='word_1_43' title='bbox 368 981 621 1060; x_wconf 75' lang='lat' dir='ltr'><strong>primum</strong></span> <span class='ocrx_word' id='word_1_44' title='bbox 673 990 971 1039; x_wconf 74' lang='lat' dir='ltr'><strong>senatores</strong></span> <span class='ocrx_word' id='word_1_45' title='bbox 1008 990 1303 1061; x_wconf 87' lang='lat' dir='ltr'><strong>quotquot</strong></span> <span class='ocrx_word' id='word_1_46' title='bbox 1340 1002 1414 1040; x_wconf 92' lang='lat' dir='ltr'><strong>eo</strong></span> <span class='ocrx_word' id='word_1_47' title='bbox 1450 980 1612 1040; x_wconf 90' lang='lat' dir='ltr'><strong>bello</strong></span> <span class='ocrx_word' id='word_1_48' title='bbox 1654 988 1944 1040; x_wconf 81' lang='lat' dir='ltr'><strong>navarant</strong></span> <span class='ocrx_word' id='word_1_49' title='bbox 1978 1000 2264 1059; x_wconf 78' lang='lat' dir='ltr'><strong>operam:</strong></span> 
     </span>
     <span class='ocr_line' id='line_1_7' title="bbox 366 1074 2266 1157; baseline -0.001 -20"><span class='ocrx_word' id='word_1_50' title='bbox 366 1074 587 1137; x_wconf 69' lang='lat' dir='ltr'><strong>deindo</strong></span> <span class='ocrx_word' id='word_1_51' title='bbox 610 1076 813 1137; x_wconf 77' lang='lat' dir='ltr'><strong>consul</strong></span> <span class='ocrx_word' id='word_1_52' title='bbox 832 1097 967 1137; x_wconf 90' lang='lat' dir='ltr'><strong>cum</strong></span> <span class='ocrx_word' id='word_1_53' title='bbox 994 1079 1471 1157; x_wconf 83' lang='lat' dir='ltr'><strong>magistratibus:</strong></span> <span class='ocrx_word' id='word_1_54' title='bbox 1515 1098 1652 1138; x_wconf 87' lang='lat' dir='ltr'><strong>cum</strong></span> <span class='ocrx_word' id='word_1_55' title='bbox 1679 1076 1830 1137; x_wconf 66' lang='lat' dir='ltr'><strong>alias</strong></span> <span class='ocrx_word' id='word_1_56' title='bbox 1854 1078 1912 1136; x_wconf 89' lang='lat' dir='ltr'><strong>hi</strong></span> <span class='ocrx_word' id='word_1_57' title='bbox 1935 1077 2266 1156; x_wconf 78' lang='lat' dir='ltr'><strong>praecedere</strong></span> 
     </span>
     <span class='ocr_line' id='line_1_8' title="bbox 368 1172 2264 1256; baseline 0.001 -25"><span class='ocrx_word' id='word_1_58' title='bbox 368 1172 521 1233; x_wconf 69' lang='lat' dir='ltr'><strong>inter</strong></span> <span class='ocrx_word' id='word_1_59' title='bbox 536 1172 874 1253; x_wconf 81' lang='lat' dir='ltr'><strong>hujusmodi</strong></span> <span class='ocrx_word' id='word_1_60' title='bbox 896 1194 1143 1256; x_wconf 82' lang='lat' dir='ltr'><strong>pompas</strong></span> <span class='ocrx_word' id='word_1_61' title='bbox 1160 1174 1433 1247; x_wconf 75' lang='lat' dir='ltr'><strong>solerent,</strong></span> <span class='ocrx_word' id='word_1_62' title='bbox 1453 1176 1636 1233; x_wconf 87' lang='lat' dir='ltr'><strong>ceteri</strong></span> <span class='ocrx_word' id='word_1_63' title='bbox 1655 1184 1952 1235; x_wconf 75' lang='lat' dir='ltr'><strong>senatores</strong></span> <span class='ocrx_word' id='word_1_64' title='bbox 1969 1172 2264 1252; x_wconf 72' lang='lat' dir='ltr'><strong>subsequi.</strong></span> 
     </span>
     <span class='ocr_line' id='line_1_9' title="bbox 370 1264 2594 1349; baseline 0 -22"><span class='ocrx_word' id='word_1_65' title='bbox 370 1264 675 1331; x_wconf 70' lang='lat' dir='ltr'><strong>Militibus</strong></span> <span class='ocrx_word' id='word_1_66' title='bbox 697 1270 1053 1349; x_wconf 82' lang='lat' dir='ltr'><strong>triumphale</strong></span> <span class='ocrx_word' id='word_1_67' title='bbox 1076 1272 1441 1349; x_wconf 75' lang='lat' dir='ltr'><strong>congiarium</strong></span> <span class='ocrx_word' id='word_1_68' title='bbox 1466 1292 1543 1331; x_wconf 83' lang='lat' dir='ltr'><strong>ex</strong></span> <span class='ocrx_word' id='word_1_69' title='bbox 1572 1271 1864 1331; x_wconf 84' lang='lat' dir='ltr'><strong>manubiis</strong></span> <span class='ocrx_word' id='word_1_70' title='bbox 1887 1270 2104 1329; x_wconf 80' lang='lat' dir='ltr'><strong>viritim</strong></span> <span class='ocrx_word' id='word_1_71' title='bbox 2131 1268 2266 1328; x_wconf 84' lang='lat' dir='ltr'><strong>mil·</strong></span> <span class='ocrx_word' id='word_1_72' title='bbox 2324 1276 2474 1343; x_wconf 66' lang='lat' dir='ltr'><strong>Lupi·</strong></span> <span class='ocrx_word' id='word_1_73' title='bbox 2489 1278 2594 1328; x_wconf 76' lang='lat' dir='ltr'><strong>Aa·</strong></span> 
     </span>
     <span class='ocr_line' id='line_1_10' title="bbox 366 1358 2392 1447; baseline 0 -24"><span class='ocrx_word' id='word_1_74' title='bbox 366 1362 453 1424; x_wconf 87' lang='lat' dir='ltr'><strong>lia</strong></span> <span class='ocrx_word' id='word_1_75' title='bbox 496 1385 795 1425; x_wconf 76' lang='lat' dir='ltr'><strong>nummum</strong></span> <span class='ocrx_word' id='word_1_76' title='bbox 836 1366 1069 1444; x_wconf 77' lang='lat' dir='ltr'><strong>singula</strong></span> <span class='ocrx_word' id='word_1_77' title='bbox 1088 1380 1109 1407; x_wconf 59' lang='grc' dir='ltr'><strong>Φ</strong></span> <span class='ocrx_word' id='word_1_78' title='bbox 1149 1365 1379 1427; x_wconf 77' lang='lat' dir='ltr'><strong>dedisse</strong></span> <span class='ocrx_word' id='word_1_79' title='bbox 1422 1368 1545 1447; x_wconf 87' lang='lat' dir='ltr'><strong>ipse</strong></span> <span class='ocrx_word' id='word_1_80' title='bbox 1593 1366 1814 1427; x_wconf 84' lang='lat' dir='ltr'><strong>tradit:</strong></span> <span class='ocrx_word' id='word_1_81' title='bbox 1863 1366 2160 1444; x_wconf 75' lang='lat' dir='ltr'><strong>‘accepisse</strong></span> <span class='ocrx_word' id='word_1_82' title='bbox 2202 1364 2264 1423; x_wconf 87' lang='lat' dir='ltr'><strong>id</strong></span> <span class='ocrx_word' id='word_1_83' title='bbox 2290 1358 2392 1405; x_wconf 63' lang='grc' dir='ltr'><strong>Ψ·</strong></span> 
     </span>
     <span class='ocr_line' id='line_1_11' title="bbox 366 1460 1745 1541; baseline 0 -20"><span class='ocrx_word' id='word_1_84' title='bbox 366 1460 667 1521; x_wconf 81' lang='lat' dir='ltr'><strong>hominum</strong></span> <span class='ocrx_word' id='word_1_85' title='bbox 692 1462 928 1521; x_wconf 81' lang='lat' dir='ltr'><strong>circiter</strong></span> <span class='ocrx_word' id='word_1_86' title='bbox 950 1470 1187 1523; x_wconf 88' lang='lat' dir='ltr'><strong>centum</strong></span> <span class='ocrx_word' id='word_1_87' title='bbox 1216 1472 1282 1521; x_wconf 84' lang='lat' dir='ltr'><strong>et</strong></span> <span class='ocrx_word' id='word_1_88' title='bbox 1300 1463 1511 1541; x_wconf 76' lang='lat' dir='ltr'><strong>viginti</strong></span> <span class='ocrx_word' id='word_1_89' title='bbox 1538 1462 1745 1522; x_wconf 87' lang='lat' dir='ltr'><strong>millia.</strong></span> 
     </span>
    </p>

    <p class='ocr_par' dir='ltr' id='par_1_4' title="bbox 358 1557 2589 2881">
     <span class='ocr_line' id='line_1_12' title="bbox 446 1557 2589 1637; baseline 0.004 -20"><span class='ocrx_word' id='word_1_90' title='bbox 446 1564 549 1617; x_wconf 82' lang='lat'><strong>84.</strong></span> <span class='ocrx_word' id='word_1_91' title='bbox 594 1558 767 1617; x_wconf 85' lang='lat' dir='ltr'><strong>Idem</strong></span> <span class='ocrx_word' id='word_1_92' title='bbox 806 1557 1023 1617; x_wconf 88' lang='lat' dir='ltr'><strong>deinde</strong></span> <span class='ocrx_word' id='word_1_93' title='bbox 1058 1559 1273 1619; x_wconf 81' lang='lat' dir='ltr'><strong>mensis</strong></span> <span class='ocrx_word' id='word_1_94' title='bbox 1306 1568 1371 1617; x_wconf 87' lang='lat' dir='ltr'><strong>et</strong></span> <span class='ocrx_word' id='word_1_95' title='bbox 1402 1558 1775 1619; x_wconf 72' lang='lat' dir='ltr'><strong>Carrinatem</strong></span> <span class='ocrx_word' id='word_1_96' title='bbox 1811 1568 1874 1618; x_wconf 89' lang='lat' dir='ltr'><strong>et</strong></span> <span class='ocrx_word' id='word_1_97' title='bbox 1900 1559 2264 1621; x_wconf 77' lang='lat' dir='ltr'><strong>Autronium</strong></span> <span class='ocrx_word' id='word_1_98' title='bbox 2287 1568 2418 1620; x_wconf 74' lang='lat' dir='ltr'><strong>Fasti</strong></span> <span class='ocrx_word' id='word_1_99' title='bbox 2429 1571 2589 1637; x_wconf 75' lang='lat' dir='ltr'><strong>Capit.</strong></span> 
     </span>
     <span class='ocr_line' id='line_1_13' title="bbox 366 1636 2406 1735; baseline 0.001 -20"><span class='ocrx_word' id='word_1_100' title='bbox 366 1656 795 1734; x_wconf 86' lang='lat' dir='ltr'><strong>triumphantes</strong></span> <span class='ocrx_word' id='word_1_101' title='bbox 815 1654 986 1715; x_wconf 82' lang='lat' dir='ltr'><strong>vidit.</strong></span> <span class='ocrx_word' id='word_1_102' title='bbox 1048 1654 1351 1725; x_wconf 84' lang='lat' dir='ltr'><strong>Carrinas,</strong></span> <span class='ocrx_word' id='word_1_103' title='bbox 1376 1654 1630 1715; x_wconf 86' lang='lat' dir='ltr'><strong>Morinis</strong></span> <span class='ocrx_word' id='word_1_104' title='bbox 1647 1657 1942 1735; x_wconf 79' lang='lat' dir='ltr'><strong>sociisque</strong></span> <span class='ocrx_word' id='word_1_105' title='bbox 1959 1676 2158 1717; x_wconf 86' lang='lat' dir='ltr'><strong>eorum</strong></span> <span class='ocrx_word' id='word_1_106' title='bbox 2183 1659 2263 1718; x_wconf 85' lang='lat' dir='ltr'><strong>ad</strong></span> <span class='ocrx_word' id='word_1_107' title='bbox 2288 1636 2406 1686; x_wconf 84' lang='lat' dir='ltr'><strong>Dio.</strong></span> 
     </span>
     <span class='ocr_line' id='line_1_14' title="bbox 366 1750 2260 1831; baseline 0.002 -21"><span class='ocrx_word' id='word_1_108' title='bbox 366 1751 712 1831; x_wconf 85' lang='lat' dir='ltr'><strong>patientiam</strong></span> <span class='ocrx_word' id='word_1_109' title='bbox 747 1750 976 1830; x_wconf 87' lang='lat' dir='ltr'><strong>imperii</strong></span> <span class='ocrx_word' id='word_1_110' title='bbox 1010 1750 1173 1809; x_wconf 90' lang='lat' dir='ltr'><strong>bello</strong></span> <span class='ocrx_word' id='word_1_111' title='bbox 1210 1752 1523 1822; x_wconf 82' lang='lat' dir='ltr'><strong>revocatis,</strong></span> <span class='ocrx_word' id='word_1_112' title='bbox 1562 1753 1749 1813; x_wconf 80' lang='lat' dir='ltr'><strong>etiam</strong></span> <span class='ocrx_word' id='word_1_113' title='bbox 1780 1760 1944 1813; x_wconf 80' lang='lat' dir='ltr'><strong>trans</strong></span> <span class='ocrx_word' id='word_1_114' title='bbox 1975 1752 2260 1813; x_wconf 83' lang='lat' dir='ltr'><strong>Rhenum</strong></span> 
     </span>
     <span class='ocr_line' id='line_1_15' title="bbox 366 1846 2258 1927; baseline 0.002 -22"><span class='ocrx_word' id='word_1_115' title='bbox 366 1846 675 1926; x_wconf 74' lang='lat' dir='ltr'><strong>aliquoties</strong></span> <span class='ocrx_word' id='word_1_116' title='bbox 701 1848 889 1906; x_wconf 88' lang='lat' dir='ltr'><strong>victos</strong></span> <span class='ocrx_word' id='word_1_117' title='bbox 914 1847 1231 1927; x_wconf 78' lang='lat' dir='ltr'><strong>repulerat.</strong></span> <span class='ocrx_word' id='word_1_118' title='bbox 1316 1846 1588 1927; x_wconf 86' lang='lat' dir='ltr'><strong>Ideoque</strong></span> <span class='ocrx_word' id='word_1_119' title='bbox 1621 1857 1688 1907; x_wconf 78' lang='lat' dir='ltr'><strong>et</strong></span> <span class='ocrx_word' id='word_1_120' title='bbox 1721 1846 1947 1920; x_wconf 78' lang='lat' dir='ltr'><strong>Caesar,</strong></span> <span class='ocrx_word' id='word_1_121' title='bbox 1987 1852 2074 1910; x_wconf 88' lang='lat' dir='ltr'><strong>uti</strong></span> <span class='ocrx_word' id='word_1_122' title='bbox 2099 1849 2258 1910; x_wconf 70' lang='lat' dir='ltr'><strong>dixi⁴</strong></span> 
     </span>
     <span class='ocr_line' id='line_1_16' title="bbox 358 1942 2258 2023; baseline 0 -20"><span class='ocrx_word' id='word_1_123' title='bbox 358 1963 513 2014; x_wconf 82' lang='lat' dir='ltr'><strong>mus,</strong></span> <span class='ocrx_word' id='word_1_124' title='bbox 556 1964 631 2003; x_wconf 78' lang='lat' dir='ltr'><strong>ex</strong></span> <span class='ocrx_word' id='word_1_125' title='bbox 670 1944 761 2001; x_wconf 88' lang='lat' dir='ltr'><strong>his</strong></span> <span class='ocrx_word' id='word_1_126' title='bbox 794 1944 1065 2021; x_wconf 79' lang='lat' dir='ltr'><strong>gentibus</strong></span> <span class='ocrx_word' id='word_1_127' title='bbox 1104 1944 1511 2023; x_wconf 79' lang='lat' dir='ltr'><strong>triumphavit,</strong></span> <span class='ocrx_word' id='word_1_128' title='bbox 1549 1951 1614 2003; x_wconf 81' lang='lat' dir='ltr'><strong>et</strong></span> <span class='ocrx_word' id='word_1_129' title='bbox 1649 1942 2020 2004; x_wconf 73' lang='lat' dir='ltr'><strong>Carrinatem</strong></span> <span class='ocrx_word' id='word_1_130' title='bbox 2052 1946 2258 2004; x_wconf 88' lang='lat' dir='ltr'><strong>trium-</strong></span> 
     </span>
     <span class='ocr_line' id='line_1_17' title="bbox 366 2036 2262 2119; baseline 0.001 -20"><span class='ocrx_word' id='word_1_131' title='bbox 366 2040 549 2118; x_wconf 83' lang='lat' dir='ltr'><strong>phare</strong></span> <span class='ocrx_word' id='word_1_132' title='bbox 584 2042 797 2119; x_wconf 78' lang='lat' dir='ltr'><strong>jussit3</strong></span> <span class='ocrx_word' id='word_1_133' title='bbox 843 2060 1057 2117; x_wconf 81' lang='lat' dir='ltr'><strong>magno</strong></span> <span class='ocrx_word' id='word_1_134' title='bbox 1098 2040 1309 2098; x_wconf 87' lang='lat' dir='ltr'><strong>iterum</strong></span> <span class='ocrx_word' id='word_1_135' title='bbox 1348 2036 1727 2111; x_wconf 86' lang='lat' dir='ltr'><strong>documento,</strong></span> <span class='ocrx_word' id='word_1_136' title='bbox 1773 2060 1850 2099; x_wconf 89' lang='lat' dir='ltr'><strong>ne</strong></span> <span class='ocrx_word' id='word_1_137' title='bbox 1890 2040 2022 2119; x_wconf 84' lang='lat' dir='ltr'><strong>quis</strong></span> <span class='ocrx_word' id='word_1_138' title='bbox 2053 2043 2134 2099; x_wconf 93' lang='lat' dir='ltr'><strong>ob</strong></span> <span class='ocrx_word' id='word_1_139' title='bbox 2167 2061 2262 2101; x_wconf 83' lang='lat' dir='ltr'><strong>res</strong></span> 
     </span>
     <span class='ocr_line' id='line_1_18' title="bbox 366 2134 2262 2217; baseline 0.001 -22"><span class='ocrx_word' id='word_1_140' title='bbox 366 2134 911 2197; x_wconf 74' lang='lat' dir='ltr'><strong>adversasnimium</strong></span> <span class='ocrx_word' id='word_1_141' title='bbox 937 2136 1259 2197; x_wconf 67' lang='lat' dir='ltr'><strong>flaccescet</strong></span> <span class='ocrx_word' id='word_1_142' title='bbox 1282 2136 1509 2195; x_wconf 83' lang='lat' dir='ltr'><strong>animis.</strong></span> <span class='ocrx_word' id='word_1_143' title='bbox 1595 2136 1806 2215; x_wconf 87' lang='lat' dir='ltr'><strong>Hujus</strong></span> <span class='ocrx_word' id='word_1_144' title='bbox 1837 2138 1990 2195; x_wconf 86' lang='lat' dir='ltr'><strong>enim</strong></span> <span class='ocrx_word' id='word_1_145' title='bbox 2030 2146 2199 2217; x_wconf 86' lang='lat' dir='ltr'><strong>pater</strong></span> <span class='ocrx_word' id='word_1_146' title='bbox 2223 2158 2262 2197; x_wconf 91' lang='lat' dir='ltr'><strong>a</strong></span> 
     </span>
     <span class='ocr_line' id='line_1_19' title="bbox 366 2230 2258 2313; baseline 0.002 -23"><span class='ocrx_word' id='word_1_147' title='bbox 366 2230 542 2311; x_wconf 77' lang='lat' dir='ltr'><strong>Sylla</strong></span> <span class='ocrx_word' id='word_1_148' title='bbox 586 2232 700 2292; x_wconf 78' lang='lat' dir='ltr'><strong>fuit</strong></span> <span class='ocrx_word' id='word_1_149' title='bbox 738 2233 969 2293; x_wconf 90' lang='lat' dir='ltr'><strong>occisus</strong></span> <span class='ocrx_word' id='word_1_150' title='bbox 1004 2232 1157 2291; x_wconf 86' lang='lat' dir='ltr'><strong>inter</strong></span> <span class='ocrx_word' id='word_1_151' title='bbox 1196 2234 1571 2313; x_wconf 85' lang='lat' dir='ltr'><strong>proscriptos,</strong></span> <span class='ocrx_word' id='word_1_152' title='bbox 1601 2253 1851 2311; x_wconf 88' lang='lat' dir='ltr'><strong>quorum</strong></span> <span class='ocrx_word' id='word_1_153' title='bbox 1888 2233 2088 2293; x_wconf 86' lang='lat' dir='ltr'><strong>liberis</strong></span> <span class='ocrx_word' id='word_1_154' title='bbox 2126 2234 2258 2313; x_wconf 77' lang='lat' dir='ltr'><strong>lege</strong></span> 
     </span>
     <span class='ocr_line' id='line_1_20' title="bbox 361 2324 2257 2408; baseline 0.002 -22"><span class='ocrx_word' id='word_1_155' title='bbox 361 2327 487 2387; x_wconf 80' lang='lat' dir='ltr'><strong>lata</strong></span> <span class='ocrx_word' id='word_1_156' title='bbox 510 2336 637 2387; x_wconf 85' lang='lat' dir='ltr'><strong>tum</strong></span> <span class='ocrx_word' id='word_1_157' title='bbox 664 2328 907 2408; x_wconf 86' lang='lat' dir='ltr'><strong>quidem</strong></span> <span class='ocrx_word' id='word_1_158' title='bbox 933 2324 1131 2387; x_wconf 84' lang='lat' dir='ltr'><strong>aditus</strong></span> <span class='ocrx_word' id='word_1_159' title='bbox 1156 2328 1233 2387; x_wconf 86' lang='lat' dir='ltr'><strong>ad</strong></span> <span class='ocrx_word' id='word_1_160' title='bbox 1256 2326 1503 2387; x_wconf 83' lang='lat' dir='ltr'><strong>honores</strong></span> <span class='ocrx_word' id='word_1_161' title='bbox 1528 2328 2018 2407; x_wconf 68' lang='lat' dir='ltr'><strong>praecludebatur.</strong></span> <span class='ocrx_word' id='word_1_162' title='bbox 2103 2330 2257 2390; x_wconf 87' lang='lat' dir='ltr'><strong>Mox</strong></span> 
     </span>
     <span class='ocr_line' id='line_1_21' title="bbox 362 2422 2583 2504; baseline 0.003 -21"><span class='ocrx_word' id='word_1_163' title='bbox 362 2422 451 2483; x_wconf 83' lang='lat' dir='ltr'><strong>A.</strong></span> <span class='ocrx_word' id='word_1_164' title='bbox 484 2423 565 2482; x_wconf 89' lang='lat' dir='ltr'><strong>D.</strong></span> <span class='ocrx_word' id='word_1_165' title='bbox 596 2440 775 2483; x_wconf 79' lang='lat' dir='ltr'><strong>xvn.</strong></span> <span class='ocrx_word' id='word_1_166' title='bbox 819 2422 1130 2485; x_wconf 76' lang='lat' dir='ltr'><strong>Kalendas</strong></span> <span class='ocrx_word' id='word_1_167' title='bbox 1156 2424 1533 2504; x_wconf 85' lang='lat' dir='ltr'><strong>Septembres</strong></span> <span class='ocrx_word' id='word_1_168' title='bbox 1558 2444 1635 2483; x_wconf 77' lang='lat' dir='ltr'><strong>ex</strong></span> <span class='ocrx_word' id='word_1_169' title='bbox 1663 2424 1880 2485; x_wconf 82' lang='lat' dir='ltr'><strong>Africa</strong></span> <span class='ocrx_word' id='word_1_170' title='bbox 1917 2426 1987 2485; x_wconf 89' lang='lat' dir='ltr'><strong>L.</strong></span> <span class='ocrx_word' id='word_1_171' title='bbox 2026 2426 2260 2487; x_wconf 87' lang='lat' dir='ltr'><strong>Autro-</strong></span> <span class='ocrx_word' id='word_1_172' title='bbox 2283 2424 2406 2474; x_wconf 56' lang='lat' dir='ltr'><strong>Fufi</strong></span> <span class='ocrx_word' id='word_1_173' title='bbox 2419 2424 2583 2490; x_wconf 50' lang='lat' dir='ltr'>0⁸1²st</span> 
     </span>
     <span class='ocr_line' id='line_1_22' title="bbox 362 2518 2256 2601; baseline 0.003 -23"><span class='ocrx_word' id='word_1_174' title='bbox 362 2521 497 2579; x_wconf 87' lang='lat' dir='ltr'><strong>nius</strong></span> <span class='ocrx_word' id='word_1_175' title='bbox 517 2520 601 2579; x_wconf 94' lang='lat' dir='ltr'><strong>P.</strong></span> <span class='ocrx_word' id='word_1_176' title='bbox 636 2518 711 2579; x_wconf 84' lang='lat' dir='ltr'><strong>F.</strong></span> <span class='ocrx_word' id='word_1_177' title='bbox 738 2520 807 2580; x_wconf 89' lang='lat' dir='ltr'><strong>L.</strong></span> <span class='ocrx_word' id='word_1_178' title='bbox 840 2520 929 2581; x_wconf 89' lang='lat' dir='ltr'><strong>N.</strong></span> <span class='ocrx_word' id='word_1_179' title='bbox 963 2521 1173 2580; x_wconf 82' lang='lat' dir='ltr'><strong>Paetus</strong></span> <span class='ocrx_word' id='word_1_180' title='bbox 1200 2542 1305 2601; x_wconf 88' lang='lat' dir='ltr'><strong>pro</strong></span> <span class='ocrx_word' id='word_1_181' title='bbox 1332 2521 1571 2581; x_wconf 85' lang='lat' dir='ltr'><strong>consule</strong></span> <span class='ocrx_word' id='word_1_182' title='bbox 1599 2523 2004 2601; x_wconf 84' lang='lat' dir='ltr'><strong>triumphavit.</strong></span> <span class='ocrx_word' id='word_1_183' title='bbox 2089 2523 2186 2582; x_wconf 86' lang='lat' dir='ltr'><strong>At</strong></span> <span class='ocrx_word' id='word_1_184' title='bbox 2221 2545 2256 2583; x_wconf 89' lang='lat' dir='ltr'><strong>e</strong></span> 
     </span>
     <span class='ocr_line' id='line_1_23' title="bbox 359 2614 2256 2698; baseline 0.003 -25"><span class='ocrx_word' id='word_1_185' title='bbox 359 2615 581 2694; x_wconf 78' lang='lat' dir='ltr'><strong>regulis</strong></span> <span class='ocrx_word' id='word_1_186' title='bbox 610 2614 979 2697; x_wconf 86' lang='lat' dir='ltr'><strong>ducibusque</strong></span> <span class='ocrx_word' id='word_1_187' title='bbox 1013 2616 1405 2696; x_wconf 86' lang='lat' dir='ltr'><strong>triumphatis,</strong></span> <span class='ocrx_word' id='word_1_188' title='bbox 1446 2618 1740 2697; x_wconf 86' lang='lat' dir='ltr'><strong>supplicio</strong></span> <span class='ocrx_word' id='word_1_189' title='bbox 1771 2618 2015 2698; x_wconf 85' lang='lat' dir='ltr'><strong>quidam</strong></span> <span class='ocrx_word' id='word_1_190' title='bbox 2053 2616 2256 2679; x_wconf 82' lang='lat' dir='ltr'><strong>affecti</strong></span> 
     </span>
     <span class='ocr_line' id='line_1_24' title="bbox 358 2712 2494 2795; baseline 0.003 -24"><span class='ocrx_word' id='word_1_191' title='bbox 358 2720 529 2771; x_wconf 61' lang='lat' dir='ltr'><strong>unt:</strong></span> <span class='ocrx_word' id='word_1_192' title='bbox 574 2713 633 2771; x_wconf 89' lang='lat' dir='ltr'><strong>in</strong></span> <span class='ocrx_word' id='word_1_193' title='bbox 670 2714 760 2772; x_wconf 88' lang='lat' dir='ltr'><strong>his</strong></span> <span class='ocrx_word' id='word_1_194' title='bbox 785 2714 1107 2772; x_wconf 83' lang='lat' dir='ltr'><strong>Adiatorix</strong></span> <span class='ocrx_word' id='word_1_195' title='bbox 1150 2732 1287 2773; x_wconf 90' lang='lat' dir='ltr'><strong>cum</strong></span> <span class='ocrx_word' id='word_1_196' title='bbox 1316 2712 1466 2784; x_wconf 87' lang='lat' dir='ltr'><strong>filio,</strong></span> <span class='ocrx_word' id='word_1_197' title='bbox 1496 2715 1594 2794; x_wconf 88' lang='lat' dir='ltr'><strong>qui</strong></span> <span class='ocrx_word' id='word_1_198' title='bbox 1627 2716 1705 2773; x_wconf 83' lang='lat' dir='ltr'><strong>ab</strong></span> <span class='ocrx_word' id='word_1_199' title='bbox 1731 2714 2002 2774; x_wconf 88' lang='lat' dir='ltr'><strong>Antonio</strong></span> <span class='ocrx_word' id='word_1_200' title='bbox 2028 2724 2254 2795; x_wconf 85' lang='lat' dir='ltr'><strong>partem</strong></span> <span class='ocrx_word' id='word_1_201' title='bbox 2309 2720 2494 2777; x_wconf 76' lang='lat' dir='ltr'><strong>Strabo,</strong></span> 
     </span>
     <span class='ocr_line' id='line_1_25' title="bbox 361 2790 2574 2881; baseline 0.002 -12"><span class='ocrx_word' id='word_1_202' title='bbox 361 2804 683 2870; x_wconf 75' lang='lat' dir='ltr'><strong>Heracleae</strong></span> <span class='ocrx_word' id='word_1_203' title='bbox 705 2811 982 2870; x_wconf 83' lang='lat' dir='ltr'><strong>Ponticae</strong></span> <span class='ocrx_word' id='word_1_204' title='bbox 1008 2811 1191 2881; x_wconf 87' lang='lat' dir='ltr'><strong>nacti,</strong></span> <span class='ocrx_word' id='word_1_205' title='bbox 1221 2809 1531 2870; x_wconf 86' lang='lat' dir='ltr'><strong>Romanos</strong></span> <span class='ocrx_word' id='word_1_206' title='bbox 1556 2812 1802 2871; x_wconf 89' lang='lat' dir='ltr'><strong>colonos</strong></span> <span class='ocrx_word' id='word_1_207' title='bbox 1825 2812 2185 2872; x_wconf 84' lang='lat' dir='ltr'><strong>occiderant.</strong></span> <span class='ocrx_word' id='word_1_208' title='bbox 2280 2800 2376 2833; x_wconf 81' lang='lat'><strong>¹¹¹⁰</strong></span> <span class='ocrx_word' id='word_1_209' title='bbox 2392 2801 2443 2849; x_wconf 87' lang='lat' dir='ltr'><strong>p.</strong></span> <span class='ocrx_word' id='word_1_210' title='bbox 2459 2790 2574 2837; x_wconf 71' lang='lat'>⁵⁴⁸·</span> 
     </span>
    </p>

    <p class='ocr_par' dir='ltr' id='par_1_5' title="bbox 354 2905 2566 4069">
     <span class='ocr_line' id='line_1_26' title="bbox 436 2905 2395 2978; baseline -0.003 -9"><span class='ocrx_word' id='word_1_211' title='bbox 436 2912 537 2969; x_wconf 72' lang='lat'><strong>85.</strong></span> <span class='ocrx_word' id='word_1_212' title='bbox 584 2905 760 2978; x_wconf 86' lang='lat' dir='ltr'><strong>Inde,</strong></span> <span class='ocrx_word' id='word_1_213' title='bbox 802 2926 971 2967; x_wconf 79' lang='lat' dir='ltr'><strong>versa</strong></span> <span class='ocrx_word' id='word_1_214' title='bbox 1006 2905 1085 2965; x_wconf 87' lang='lat' dir='ltr'><strong>ad</strong></span> <span class='ocrx_word' id='word_1_215' title='bbox 1125 2906 1405 2965; x_wconf 89' lang='lat' dir='ltr'><strong>honorem</strong></span> <span class='ocrx_word' id='word_1_216' title='bbox 1446 2906 1712 2966; x_wconf 85' lang='lat' dir='ltr'><strong>Deorum</strong></span> <span class='ocrx_word' id='word_1_217' title='bbox 1753 2926 1920 2976; x_wconf 79' lang='lat' dir='ltr'><strong>cui-a,</strong></span> <span class='ocrx_word' id='word_1_218' title='bbox 1961 2906 2254 2968; x_wconf 65' lang='lat' dir='ltr'><strong>Minervae</strong></span> <span class='ocrx_word' id='word_1_219' title='bbox 2276 2914 2395 2963; x_wconf 85' lang='lat' dir='ltr'><strong>Dio.</strong></span> 
     </span>
     <span class='ocr_line' id='line_1_27' title="bbox 358 3002 2250 3084; baseline 0.001 -22"><span class='ocrx_word' id='word_1_220' title='bbox 358 3004 665 3084; x_wconf 64' lang='lat' dir='ltr'><strong>tmplurm</strong></span> <span class='ocrx_word' id='word_1_221' title='bbox 700 3012 783 3073; x_wconf 90' lang='lat' dir='ltr'><strong>et,</strong></span> <span class='ocrx_word' id='word_1_222' title='bbox 822 3003 982 3083; x_wconf 91' lang='lat' dir='ltr'><strong>quod</strong></span> <span class='ocrx_word' id='word_1_223' title='bbox 1010 3002 1427 3063; x_wconf 87' lang='lat' dir='ltr'><strong>Chalcidicum</strong></span> <span class='ocrx_word' id='word_1_224' title='bbox 1454 3012 1720 3073; x_wconf 84' lang='lat' dir='ltr'><strong>vocatur,</strong></span> <span class='ocrx_word' id='word_1_225' title='bbox 1757 3014 1883 3063; x_wconf 89' lang='lat' dir='ltr'><strong>tum</strong></span> <span class='ocrx_word' id='word_1_226' title='bbox 1925 3006 2146 3070; x_wconf 86' lang='lat' dir='ltr'><strong>curiam</strong></span> <span class='ocrx_word' id='word_1_227' title='bbox 2173 3024 2250 3063; x_wconf 87' lang='lat' dir='ltr'><strong>ex</strong></span> 
     </span>
     <span class='ocr_line' id='line_1_28' title="bbox 359 3098 2532 3178; baseline 0.001 -19"><span class='ocrx_word' id='word_1_228' title='bbox 359 3100 541 3178; x_wconf 87' lang='lat' dir='ltr'><strong>patris</strong></span> <span class='ocrx_word' id='word_1_229' title='bbox 576 3101 813 3159; x_wconf 88' lang='lat' dir='ltr'><strong>nomine</strong></span> <span class='ocrx_word' id='word_1_230' title='bbox 853 3098 1101 3167; x_wconf 69' lang='lat' dir='ltr'><strong>saliam,</strong></span> <span class='ocrx_word' id='word_1_231' title='bbox 1130 3098 1286 3158; x_wconf 69' lang='lat' dir='ltr'><strong>hanc⁴</strong></span> <span class='ocrx_word' id='word_1_232' title='bbox 1322 3098 1563 3178; x_wconf 85' lang='lat' dir='ltr'><strong>quidem</strong></span> <span class='ocrx_word' id='word_1_233' title='bbox 1591 3100 1677 3158; x_wconf 81' lang='lat' dir='ltr'><strong>A.</strong></span> <span class='ocrx_word' id='word_1_234' title='bbox 1719 3100 1802 3160; x_wconf 90' lang='lat' dir='ltr'><strong>D.</strong></span> <span class='ocrx_word' id='word_1_235' title='bbox 1840 3118 1902 3160; x_wconf 76' lang='lat' dir='ltr'><strong>V.</strong></span> <span class='ocrx_word' id='word_1_236' title='bbox 1949 3100 2260 3161; x_wconf 82' lang='lat' dir='ltr'><strong>Kalendas</strong></span> <span class='ocrx_word' id='word_1_237' title='bbox 2309 3107 2532 3171; x_wconf 70' lang='lat' dir='ltr'><strong>lnam-im.</strong></span> 
     </span>
     <span class='ocr_line' id='line_1_29' title="bbox 360 3172 2512 3285; baseline 0.001 -31"><span class='ocrx_word' id='word_1_238' title='bbox 360 3192 740 3275; x_wconf 83' lang='lat' dir='ltr'><strong>Septembres</strong></span> <span class='ocrx_word' id='word_1_239' title='bbox 768 3194 1087 3255; x_wconf 82' lang='lat' dir='ltr'><strong>dedicavit.</strong></span> <span class='ocrx_word' id='word_1_240' title='bbox 1156 3192 1230 3253; x_wconf 86' lang='lat' dir='ltr'><strong>In</strong></span> <span class='ocrx_word' id='word_1_241' title='bbox 1268 3214 1343 3253; x_wconf 86' lang='lat' dir='ltr'><strong>ea</strong></span> <span class='ocrx_word' id='word_1_242' title='bbox 1374 3193 1664 3255; x_wconf 78' lang='lat' dir='ltr'><strong>Victoriae</strong></span> <span class='ocrx_word' id='word_1_243' title='bbox 1707 3196 1966 3274; x_wconf 82' lang='lat' dir='ltr'><strong>reposuit</strong></span> <span class='ocrx_word' id='word_1_244' title='bbox 2009 3195 2256 3256; x_wconf 86' lang='lat' dir='ltr'><strong>simula·</strong></span> <span class='ocrx_word' id='word_1_245' title='bbox 2278 3172 2512 3285; x_wconf 50' lang='grc' dir='ltr'><strong>Ξξξζιξξ.</strong></span> 
     </span>
     <span class='ocr_line' id='line_1_30' title="bbox 356 3291 2396 3372; baseline 0 -22"><span class='ocrx_word' id='word_1_246' title='bbox 356 3305 543 3361; x_wconf 63' lang='grc' dir='ltr'><strong>(παπ),</strong></span> <span class='ocrx_word' id='word_1_247' title='bbox 568 3292 887 3372; x_wconf 83' lang='lat' dir='ltr'><strong>spoliisque</strong></span> <span class='ocrx_word' id='word_1_248' title='bbox 913 3291 1213 3371; x_wconf 79' lang='lat' dir='ltr'><strong>AEgyptiis</strong></span> <span class='ocrx_word' id='word_1_249' title='bbox 1236 3292 1565 3364; x_wconf 84' lang='lat' dir='ltr'><strong>exornavit,</strong></span> <span class='ocrx_word' id='word_1_250' title='bbox 1591 3292 1750 3371; x_wconf 88' lang='lat' dir='ltr'><strong>quod</strong></span> <span class='ocrx_word' id='word_1_251' title='bbox 1775 3291 1918 3351; x_wconf 89' lang='lat' dir='ltr'><strong>olim</strong></span> <span class='ocrx_word' id='word_1_252' title='bbox 1939 3312 1978 3351; x_wconf 84' lang='lat' dir='ltr'><strong>a</strong></span> <span class='ocrx_word' id='word_1_253' title='bbox 1995 3292 2258 3353; x_wconf 83' lang='lat' dir='ltr'><strong>Tarento</strong></span> <span class='ocrx_word' id='word_1_254' title='bbox 2279 3299 2396 3350; x_wconf 86' lang='lat' dir='ltr'><strong>Dio.</strong></span> 
     </span>
     <span class='ocr_line' id='line_1_31' title="bbox 358 3384 2478 3469; baseline 0.001 -24"><span class='ocrx_word' id='word_1_255' title='bbox 358 3385 671 3447; x_wconf 76' lang='lat' dir='ltr'><strong>advectum</strong></span> <span class='ocrx_word' id='word_1_256' title='bbox 696 3388 922 3456; x_wconf 80' lang='lat' dir='ltr'><strong>fuerat3</strong></span> <span class='ocrx_word' id='word_1_257' title='bbox 968 3388 1107 3446; x_wconf 88' lang='lat' dir='ltr'><strong>huic</strong></span> <span class='ocrx_word' id='word_1_258' title='bbox 1134 3387 1355 3445; x_wconf 88' lang='lat' dir='ltr'><strong>numini</strong></span> <span class='ocrx_word' id='word_1_259' title='bbox 1389 3408 1452 3447; x_wconf 88' lang='lat' dir='ltr'><strong>se</strong></span> <span class='ocrx_word' id='word_1_260' title='bbox 1488 3387 1702 3447; x_wconf 88' lang='lat' dir='ltr'><strong>debere</strong></span> <span class='ocrx_word' id='word_1_261' title='bbox 1728 3388 2035 3469; x_wconf 85' lang='lat' dir='ltr'><strong>imperium</strong></span> <span class='ocrx_word' id='word_1_262' title='bbox 2069 3390 2250 3467; x_wconf 83' lang='lat' dir='ltr'><strong>assig-</strong></span> <span class='ocrx_word' id='word_1_263' title='bbox 2467 3384 2478 3397; x_wconf 60' lang='lat'>⁸</span> 
     </span>
     <span class='ocr_line' id='line_1_32' title="bbox 358 3482 2250 3566; baseline 0.003 -25"><span class='ocrx_word' id='word_1_264' title='bbox 358 3482 621 3544; x_wconf 88' lang='lat' dir='ltr'><strong>nificans.</strong></span> <span class='ocrx_word' id='word_1_265' title='bbox 707 3484 909 3544; x_wconf 89' lang='lat' dir='ltr'><strong>Etiam</strong></span> <span class='ocrx_word' id='word_1_266' title='bbox 938 3484 1019 3542; x_wconf 91' lang='lat' dir='ltr'><strong>D.</strong></span> <span class='ocrx_word' id='word_1_267' title='bbox 1048 3482 1197 3543; x_wconf 87' lang='lat' dir='ltr'><strong>Julii</strong></span> <span class='ocrx_word' id='word_1_268' title='bbox 1224 3483 1428 3543; x_wconf 82' lang='lat' dir='ltr'><strong>fanum</strong></span> <span class='ocrx_word' id='word_1_269' title='bbox 1464 3484 1664 3544; x_wconf 88' lang='lat' dir='ltr'><strong>multis</strong></span> <span class='ocrx_word' id='word_1_270' title='bbox 1697 3504 1776 3543; x_wconf 83' lang='lat' dir='ltr'><strong>ex</strong></span> <span class='ocrx_word' id='word_1_271' title='bbox 1811 3485 2020 3545; x_wconf 83' lang='lat' dir='ltr'><strong>eadem</strong></span> <span class='ocrx_word' id='word_1_272' title='bbox 2047 3487 2250 3566; x_wconf 84' lang='lat' dir='ltr'><strong>praeda</strong></span> 
     </span>
     <span class='ocr_line' id='line_1_33' title="bbox 356 3579 2246 3663; baseline 0.002 -24"><span class='ocrx_word' id='word_1_273' title='bbox 356 3580 619 3641; x_wconf 86' lang='lat' dir='ltr'><strong>donariis</strong></span> <span class='ocrx_word' id='word_1_274' title='bbox 641 3579 926 3641; x_wconf 87' lang='lat' dir='ltr'><strong>excoluit.</strong></span> <span class='ocrx_word' id='word_1_275' title='bbox 978 3579 1100 3641; x_wconf 82' lang='lat' dir='ltr'><strong>Sed</strong></span> <span class='ocrx_word' id='word_1_276' title='bbox 1131 3581 1303 3659; x_wconf 89' lang='lat' dir='ltr'><strong>longe</strong></span> <span class='ocrx_word' id='word_1_277' title='bbox 1324 3582 1602 3641; x_wconf 83' lang='lat' dir='ltr'><strong>maximae</strong></span> <span class='ocrx_word' id='word_1_278' title='bbox 1627 3601 1768 3662; x_wconf 86' lang='lat' dir='ltr'><strong>opes</strong></span> <span class='ocrx_word' id='word_1_279' title='bbox 1796 3581 1858 3639; x_wconf 89' lang='lat' dir='ltr'><strong>in</strong></span> <span class='ocrx_word' id='word_1_280' title='bbox 1883 3580 2246 3663; x_wconf 83' lang='lat' dir='ltr'><strong>Capitolium</strong></span> 
     </span>
     <span class='ocr_line' id='line_1_34' title="bbox 354 3675 2251 3758; baseline 0.001 -24"><span class='ocrx_word' id='word_1_281' title='bbox 354 3675 564 3735; x_wconf 74' lang='lat' dir='ltr'><strong>illatae.</strong></span> <span class='ocrx_word' id='word_1_282' title='bbox 648 3676 812 3735; x_wconf 88' lang='lat' dir='ltr'><strong>Nam</strong></span> <span class='ocrx_word' id='word_1_283' title='bbox 840 3697 917 3736; x_wconf 81' lang='lat' dir='ltr'><strong>ex</strong></span> <span class='ocrx_word' id='word_1_284' title='bbox 944 3675 1447 3737; x_wconf 86' lang='lat' dir='ltr'><strong>senatusconsulto</strong></span> <span class='ocrx_word' id='word_1_285' title='bbox 1470 3697 1505 3735; x_wconf 90' lang='lat' dir='ltr'><strong>e</strong></span> <span class='ocrx_word' id='word_1_286' title='bbox 1529 3678 1720 3736; x_wconf 90' lang='lat' dir='ltr'><strong>tribus</strong></span> <span class='ocrx_word' id='word_1_287' title='bbox 1744 3676 1934 3747; x_wconf 87' lang='lat' dir='ltr'><strong>cellis,</strong></span> <span class='ocrx_word' id='word_1_288' title='bbox 1961 3678 2251 3758; x_wconf 87' lang='lat' dir='ltr'><strong>quicquid</strong></span> 
     </span>
     <span class='ocr_line' id='line_1_35' title="bbox 355 3770 2248 3854; baseline 0.001 -23"><span class='ocrx_word' id='word_1_289' title='bbox 355 3771 519 3842; x_wconf 79' lang='lat' dir='ltr'><strong>Jovi‚</strong></span> <span class='ocrx_word' id='word_1_290' title='bbox 554 3770 915 3853; x_wconf 68' lang='lat' dir='ltr'><strong>Junonique,</strong></span> <span class='ocrx_word' id='word_1_291' title='bbox 962 3782 1025 3833; x_wconf 89' lang='lat' dir='ltr'><strong>et</strong></span> <span class='ocrx_word' id='word_1_292' title='bbox 1068 3774 1361 3833; x_wconf 84' lang='lat' dir='ltr'><strong>Minervae</strong></span> <span class='ocrx_word' id='word_1_293' title='bbox 1402 3773 1664 3833; x_wconf 87' lang='lat' dir='ltr'><strong>dicatum</strong></span> <span class='ocrx_word' id='word_1_294' title='bbox 1709 3774 1852 3833; x_wconf 89' lang='lat' dir='ltr'><strong>olim</strong></span> <span class='ocrx_word' id='word_1_295' title='bbox 1889 3773 2105 3845; x_wconf 83' lang='lat' dir='ltr'><strong>fuerat,</strong></span> <span class='ocrx_word' id='word_1_296' title='bbox 2141 3794 2248 3854; x_wconf 86' lang='lat' dir='ltr'><strong>pro</strong></span> 
     </span>
     <span class='ocr_line' id='line_1_36' title="bbox 355 3864 2502 3949; baseline 0 -22"><span class='ocrx_word' id='word_1_297' title='bbox 355 3868 586 3949; x_wconf 86' lang='lat' dir='ltr'><strong>polluto</strong></span> <span class='ocrx_word' id='word_1_298' title='bbox 624 3864 983 3929; x_wconf 79' lang='lat' dir='ltr'><strong>efferendum</strong></span> <span class='ocrx_word' id='word_1_299' title='bbox 1023 3869 1289 3930; x_wconf 85' lang='lat' dir='ltr'><strong>curavit:</strong></span> <span class='ocrx_word' id='word_1_300' title='bbox 1338 3870 1459 3948; x_wconf 85' lang='lat' dir='ltr'><strong>ipse</strong></span> <span class='ocrx_word' id='word_1_301' title='bbox 1490 3889 1610 3929; x_wconf 87' lang='lat' dir='ltr'><strong>una</strong></span> <span class='ocrx_word' id='word_1_302' title='bbox 1643 3870 1960 3930; x_wconf 83' lang='lat' dir='ltr'><strong>donatione</strong></span> <span class='ocrx_word' id='word_1_303' title='bbox 1990 3870 2246 3929; x_wconf 82' lang='lat' dir='ltr'><strong>sedecim</strong></span> <span class='ocrx_word' id='word_1_304' title='bbox 2302 3889 2502 3941; x_wconf 77' lang='lat' dir='ltr'><strong>Sueten.</strong></span> 
     </span>
     <span class='ocr_line' id='line_1_37' title="bbox 356 3954 2566 4069; baseline 0 -45"><span class='ocrx_word' id='word_1_305' title='bbox 356 3966 546 4026; x_wconf 90' lang='lat' dir='ltr'><strong>millia</strong></span> <span class='ocrx_word' id='word_1_306' title='bbox 572 3968 769 4046; x_wconf 87' lang='lat' dir='ltr'><strong>pondo</strong></span> <span class='ocrx_word' id='word_1_307' title='bbox 795 3966 969 4037; x_wconf 67' lang='lat' dir='ltr'><strong>auri:²</strong></span> <span class='ocrx_word' id='word_1_308' title='bbox 1010 3986 1382 4045; x_wconf 83' lang='lat' dir='ltr'><strong>gemmasque</strong></span> <span class='ocrx_word' id='word_1_309' title='bbox 1411 3986 1481 4025; x_wconf 90' lang='lat' dir='ltr'><strong>ac</strong></span> <span class='ocrx_word' id='word_1_310' title='bbox 1514 3969 1856 4045; x_wconf 81' lang='lat' dir='ltr'><strong>margaritas</strong></span> <span class='ocrx_word' id='word_1_311' title='bbox 1882 3966 2249 4045; x_wconf 78' lang='lat' dir='ltr'><strong>quingenties</strong></span> <span class='ocrx_word' id='word_1_312' title='bbox 2271 3954 2566 4069; x_wconf 41' lang='lat' dir='ltr'><strong>Affinffss·v·</strong></span> 
     </span>
    </p>

    <p class='ocr_par' dir='ltr' id='par_1_6' title="bbox 357 4088 2387 4275">
     <span class='ocr_line' id='line_1_38' title="bbox 419 4088 2387 4209; baseline 0 -13"><span class='ocrx_word' id='word_1_313' title='bbox 419 4154 441 4181; x_wconf 59' lang='grc' dir='ltr'><strong>θ</strong></span> <span class='ocrx_word' id='word_1_314' title='bbox 462 4146 627 4197; x_wconf 69' lang='lat' dir='ltr'><strong>Mittin</strong></span> <span class='ocrx_word' id='word_1_315' title='bbox 642 4162 880 4197; x_wconf 75' lang='lat' dir='ltr'><strong>nummum</strong></span> <span class='ocrx_word' id='word_1_316' title='bbox 894 4147 1105 4209; x_wconf 72' lang='lat' dir='ltr'><strong>singula]</strong></span> <span class='ocrx_word' id='word_1_317' title='bbox 1128 4146 1267 4195; x_wconf 83' lang='lat' dir='ltr'><strong>Mar·</strong></span> <span class='ocrx_word' id='word_1_318' title='bbox 1333 4147 1540 4195; x_wconf 74' lang='lat' dir='ltr'><strong>Marcus</strong></span> <span class='ocrx_word' id='word_1_319' title='bbox 1563 4154 1820 4197; x_wconf 73' lang='lat' dir='ltr'><strong>nostrates</strong></span> <span class='ocrx_word' id='word_1_320' title='bbox 1843 4152 2022 4197; x_wconf 80' lang='lat'><strong>25000.</strong></span> <span class='ocrx_word' id='word_1_321' title='bbox 2091 4148 2242 4203; x_wconf 66' lang='lat' dir='ltr'><strong>Quin-</strong></span> <span class='ocrx_word' id='word_1_322' title='bbox 2271 4088 2387 4133; x_wconf 56' lang='lat'>⁵⁰⁹⁰</span> 
     </span>
     <span class='ocr_line' id='line_1_39' title="bbox 357 4213 2244 4275; baseline 0 -16"><span class='ocrx_word' id='word_1_323' title='bbox 357 4225 443 4260; x_wconf 79' lang='lat' dir='ltr'><strong>cas</strong></span> <span class='ocrx_word' id='word_1_324' title='bbox 478 4216 677 4275; x_wconf 76' lang='lat' dir='ltr'><strong>argenti</strong></span> <span class='ocrx_word' id='word_1_325' title='bbox 714 4218 759 4261; x_wconf 77' lang='lat'><strong>3.</strong></span> <span class='ocrx_word' id='word_1_326' title='bbox 796 4215 973 4263; x_wconf 65' lang='lat' dir='ltr'><strong>{incias</strong></span> <span class='ocrx_word' id='word_1_327' title='bbox 995 4216 1044 4261; x_wconf 77' lang='lat'><strong>7.</strong></span> <span class='ocrx_word' id='word_1_328' title='bbox 1066 4224 1267 4259; x_wconf 80' lang='lat' dir='ltr'><strong>semnn·</strong></span> <span class='ocrx_word' id='word_1_329' title='bbox 1328 4213 1812 4273; x_wconf 72' lang='lat' dir='ltr'><strong>gentiessestertium.</strong></span> <span class='ocrx_word' id='word_1_330' title='bbox 1847 4216 2141 4261; x_wconf 81' lang='lat' dir='ltr'><strong>Marcarum</strong></span> <span class='ocrx_word' id='word_1_331' title='bbox 2163 4228 2244 4261; x_wconf 85' lang='lat' dir='ltr'><strong>ar-</strong></span> 
     </span>
    </p>
   </div>
   <div class='ocr_carea' id='block_1_3' title="bbox 357 4276 2242 4403">
    <p class='ocr_par' dir='ltr' id='par_1_7' title="bbox 357 4276 2242 4403">
     <span class='ocr_line' id='line_1_40' title="bbox 357 4276 2242 4340; baseline 0.001 -14"><span class='ocrx_word' id='word_1_332' title='bbox 357 4276 487 4326; x_wconf 85' lang='lat' dir='ltr'><strong>ciam</strong></span> <span class='ocrx_word' id='word_1_333' title='bbox 514 4280 561 4324; x_wconf 89' lang='lat'><strong>1.</strong></span> <span class='ocrx_word' id='word_1_334' title='bbox 596 4278 736 4326; x_wconf 81' lang='lat' dir='ltr'><strong>Crev.</strong></span> <span class='ocrx_word' id='word_1_335' title='bbox 1332 4282 1473 4340; x_wconf 75' lang='lat' dir='ltr'><strong>genti</strong></span> <span class='ocrx_word' id='word_1_336' title='bbox 1501 4282 1710 4329; x_wconf 76' lang='lat'><strong>195312.</strong></span> <span class='ocrx_word' id='word_1_337' title='bbox 1735 4280 1998 4328; x_wconf 84' lang='lat' dir='ltr'><strong>unciarum</strong></span> <span class='ocrx_word' id='word_1_338' title='bbox 2016 4283 2065 4327; x_wconf 68' lang='grc' dir='ltr'><strong>Δ.</strong></span> <span class='ocrx_word' id='word_1_339' title='bbox 2102 4278 2242 4327; x_wconf 68' lang='lat' dir='ltr'><strong>Creo.</strong></span> 
     </span>
     <span class='ocr_line' id='line_1_41' title="bbox 417 4338 1267 4403; baseline -0.004 -13"><span class='ocrx_word' id='word_1_340' title='bbox 417 4339 441 4375; x_wconf 62' lang='grc' dir='ltr'><strong>ἅ</strong></span> <span class='ocrx_word' id='word_1_341' title='bbox 492 4340 706 4391; x_wconf 80' lang='lat' dir='ltr'><strong>Sedecim</strong></span> <span class='ocrx_word' id='word_1_342' title='bbox 752 4341 905 4389; x_wconf 61' lang='lat' dir='ltr'><strong>nullia</strong></span> <span class='ocrx_word' id='word_1_343' title='bbox 945 4344 1095 4403; x_wconf 77' lang='lat' dir='ltr'><strong>pondo</strong></span> <span class='ocrx_word' id='word_1_344' title='bbox 1136 4338 1267 4402; x_wconf 71' lang='lat' dir='ltr'><strong>aar-i]</strong></span> 
     </span>
    </p>
   </div>
  </div>
 </body>
</html>
