3159 4959
544 400 721 467 5788

1492 420 1565 471 Τ.
1615 419 1815 467 mvn·

866 557 1133 618 tollatur.
1186 558 1333 617 Hoc
1348 559 1435 618 ita
1452 560 1714 619 maxime
1737 556 2138 639 consequeris,
2153 558 2204 618 si
2217 560 2624 637 magistratum
2641 578 2772 619 om-

866 656 1081 715 nemin
1104 654 1273 713 Urbe
1294 676 1493 733 gerere
1520 657 1830 735 praecipias
1853 676 1870 713 ε
1911 676 2104 735 neque
2123 666 2250 725 aut,
2271 656 2424 714 inter
2441 654 2592 714 illud
2619 666 2774 715 tem-

868 770 997 835 pus³
1024 750 1150 821 aut,
1188 752 1353 812 brevi
1387 753 1672 831 deinceps
1695 750 2032 821 intervallo,
2073 751 2220 823 sed,·
2241 761 2525 830 quantum
2549 753 2772 829 cuique

867 864 1185 923 congruere
1220 847 1541 917 videbitur,
1574 848 1872 905 exercitus
1903 848 1990 905 eis
2029 847 2382 905 committas.
2465 846 2572 905 Sic
2611 848 2774 905 enim

864 943 1203 1021 interponito
1244 944 1393 1001 iuter
1421 942 1722 1013 honoreus,
1740 952 1804 1001 et
1841 943 2203 1022 provinciam
2247 943 2463 1021 spatio,
2509 943 2774 1021 privatos

864 1058 1037 1117 agere
1060 1038 1433 1098 condiscant:
1474 1059 1668 1118 neque
1689 1038 2102 1099 continuandis
2125 1038 2565 1115 magistratibus
2589 1036 2782 1121 atque

864 1134 1125 1213 imperiis
1148 1133 1224 1193 ad
1252 1133 1588 1194 audendum
1613 1132 1840 1211 majora
1877 1133 2346 1191 solicitabuutur.
2433 1132 2550 1203 Hi,
2577 1133 2772 1193 donec

864 1229 1295 1307 inmagistratu
1322 1240 1524 1308 agent,
1558 1241 1624 1289 et
1647 1229 1820 1288 ludos
1843 1249 1922 1288 ex
1947 1248 2110 1287 more
2133 1229 2446 1298 curabunt,
2473 1235 2536 1287 et
2558 1248 2776 1288 causas

865 1323 1163 1403 quaslibet
1182 1324 1483 1395 decident,
1508 1334 1762 1404 excepto
1786 1323 1966 1384 caedis
1978 1323 2232 1401 judicio.
2313 1322 2484 1381 Tunc
2507 1324 2660 1381 euim
2687 1342 2772 1383 ex

864 1421 1235 1479 senatoribus
1268 1419 1501 1498 legendi
1518 1420 1760 1499 judices
1782 1428 1974 1488 erunt,
2001 1419 2302 1497 equitibus
2325 1419 2510 1477 etiam
2533 1418 2784 1477 admix-

866 1516 963 1585 tis,
990 1525 1058 1574 ut
1078 1525 1273 1575 tamen
1300 1515 1640 1595 penes'illos
1663 1534 1894 1574 summa
1915 1516 1993 1573 sit
2019 1522 2298 1593 potestas.

945 1619 1047 1671 41.
1091 1622 1107 1647 ‘
1135 1610 1468 1671 Prael'ectus
1486 1613 1670 1671 etiam
1699 1610 1882 1670 Urbis
1901 1623 1926 1657 k
1953 1630 2034 1669 ex
2059 1609 2516 1689 primariis'viris
2537 1612 2786 1670 creabi-⁶

866 1719 981 1778 tur,
1008 1716 1070 1766 et
1094 1717 1261 1767 tanto
1284 1709 1509 1767 muneri
1547 1708 1729 1787 longa
1751 1728 1945 1766 rerum
1981 1707 2098 1765 huc
2133 1706 2559 1785 pertinentium.
2583 1726 2780 1786 expe-z

865 1804 1075 1861 rientia
1118 1822 1244 1882 par.
1328 1802 1469 1863 Nec
1500 1804 1658 1863 enim
1697 1803 1872 1875 sicuti
1907 1821 2116 1861 nomen
2159 1802 2216 1859 ei
2241 1811 2430 1872 vetus,
2451 1803 2558 1861 .sic
2583 1804 2767 1861 etiam

866 1906 1215 1977 potestatem
1250 1898 1562 1967 dabimus;
1609 1908 1676 1958 ut
1707 1918 1810 1979 per
1840 1898 2168 1956 absentiam
2196 1897 2602 1955 tantummodo
2639 1917 2776 1955 ma·.

866 1994 1233 2071 gistratuum,
1268 1994 1373 2053 sed
1416 1996 1703 2075 perpetua
1727 1991 2100 2053 solicitudine
2127 2002 2252 2051 tum
2291 1992 2502 2051 ceteris
2527 1993 2770 2051 urbanis

868 2090 1119 2167 negotiis
1144 2092 1365 2169 praesit,
1392 2100 1517 2149 tum
1550 2092 1733 2149 etiam
1767 2108 1978 2149 causas
2013 2088 2266 2168 potiores
2304 2108 2569 2167 quasque
2607 2087 2780 2165 diju·.

576 2162 631 2209 1⁶·
648 2179 685 2213 ¹·
704 2162 758 2213 ff·
780 2164 843 2211 ‘³⁰
867 2183 1047 2243 dicet.
1131 2184 1297 2245 Nam
1320 2194 1383 2244 et
1407 2185 1486 2244 ad
1512 2187 1668 2245 hunc
1704 2205 1742 2243 a
1777 2184 2218 2261 magistratibus
2259 2184 2374 2242 erit
2399 2184 2777 2262 provocatio,-

544 2226 685 2274 Offic.
702 2226 843 2276 Pras.

545 2290 663 2339 Urb-

868 2289 933 2337 et
966 2280 1255 2359 capitales
1276 2300 1497 2351 causae,
1542 2290 1666 2339 tam
1701 2281 1858 2339 intra
1899 2278 2364 2357 Urbem‚·quam
2403 2278 2482 2337 ad
2515 2288 2768 2337 centena

868 2374 1055 2435 millia
1092 2378 1399 2456 passuum¹
1422 2376 1501 2435 ad
1546 2377 1724 2455 hujus
1769 2373 2334 2435 animadversionem
2369 2374 2792 2453 pertinebunt-2

866 2470 1050 2530 Alius
1072 2472 1277 2531 itidem
1304 2492 1380 2531 ex
1407 2473 1795 2531 summatibus
1813 2470 2132 2549 deligatur,·
2155 2470 2292 2529 huic
2319 2471 2538 2529 honore
2565 2470 2765 2549 proxiss

862 2586 1013 2637 mus,
1056 2570 1159 2646 qui
1202 2578 1535 2627 senatorum
1581 2568 2074 2647 atque.equitum
2113 2585 2317 2643 genus,
2353 2568 2763 2637 substantiam,

862 2680 1169 2740 moresque
1220 2664 1525 2729 observet;
1599 2682 1708 2722 nec
1749 2664 2002 2741 ipsorum
2057 2661 2258 2731 modo,
2305 2662 2408 2721 sed
2449 2662 2764 2739 conjugum

862 2775 1097 2834 quoque
1142 2755 1574 2836 liberorumque
1623 2778 1696 2816 ac
1733 2756 1997 2815 familie.
2083 2756 2258 2816 Huic
2303 2756 2632 2833 corrigendi
2657 2776 2765 2837 po-

862 2858 1045 2908 testas
1068 2849 1327 2920 dabitur,
1354 2870 1744 2931 quaecumque
1769 2860 1944 2910 erunt
1977 2852 2064 2910 ita
2089 2862 2454 2931 comparata,
2483 2860 2550 2910 ut
2575 2871 2762 2929 neque

862 2946 1029 3023 gravi
1056 2946 1556 3006 animadversione
1582 2947 1766 3025 digna
1789 2948 1927 3016 sint,
1963 2956 2024 3006 et
2063 2956 2258 3006 tamen
2299 2947 2573 3025 neglecta
2597 2967 2778 3027 mag-t

862 3060 1065 3099 norum
1094 3041 1381 3101 malorum
1406 3044 1710 3103 materiam
1739 3044 2003 3121 gignant.
2069 3042 2264 3112 Idem,
2289 3042 2500 3122 siquid
2525 3044 2765 3123 majoris

861 3136 1135 3197 inciderit
1156 3138 1265 3208 rei,
1293 3138 1369 3197 ad
1396 3148 1455 3197 te
1481 3138 1714 3197 referat.
1783 3136 1993 3207 Hunc,
2023 3158 2061 3196 a
2085 3146 2192 3196 tua
2213 3156 2460 3197 censura
2487 3140 2782 3215 (censura.

859 3233 1017 3291 enim
1062 3233 1141 3292 ad
1180 3242 1239 3292 te
1284 3235 1572 3314 pertinere
1619 3234 1856 3294 omniuo
1891 3232 2162 3312 debebit)
2207 3233 2440 3292 nomine
2480 3231 2774 3304 deducto‚·
2863 3268 2886 3285 κ

860 3325 1122 3387 fortassis
1146 3328 1303 3388 h‘aud
1330 3330 1523 3407 inepte
1548 3348 1954 3389 succensorem
1973 3334 2009 3361 ¹³
2035 3328 2552 3407 appellaverimus.
2622 3327 2764 3387 Hos

860 3420 1007 3481 duos
1032 3423 1179 3481 nihil
1198 3424 1425 3483 vetabit
1442 3433 1786 3502 perpetuam
1813 3424 2032 3483 habere
2050 3432 2435 3502 potestatem:
2463 3442 2576 3483 nec
2600 3424 2778 3511 enim2

920 3619 947 3653 ἱ
968 3620 1236 3678 anl'eceus
1343 3621 1513 3685 Urbis]
1544 3622 1771 3683 Dsproe·
1843 3628 2006 3671 trstes
2029 3623 2142 3686 plns
2159 3626 2240 3671 33.
2295 3622 2370 3671 Et
2391 3620 2454 3670 sd
2479 3635 2591 3670 eam
2615 3634 2779 3671 mem.

858 3683 1061 3733 fectura
1084 3684 1245 3733 Urbis
1284 3685 1385 3735 vid.
1417 3686 1541 3736 Tac.
1566 3700 1641 3736 vr.
1666 3687 1767 3735 An·
1842 3701 2012 3735 suram
2053 3686 2258 3735 videtur
2289 3686 2640 3734 emendandus
2676 3686 2764 3734 bic

859 3752 961 3799 nal.
988 3754 1071 3798 11.
1110 3750 1253 3797 στου.
1846 3750 2030 3799 Dionis
2053 3752 2213 3811 locus,
2233 3764 2350 3799 cum
2377 3750 2510 3799 idem
2533 3750 2761 3811 scriptor

924 3811 937 3846 ¹
966 3813 1051 3863 Aa
1101 3818 1294 3863 centena
1336 3814 1487 3863 millia
1526 3813 1770 3875 passuum]
1843 3817 1997 3875 paulo
2033 3814 2186 3874 infra,
2225 3815 2394 3867 ltalia
2425 3814 2668 3878 quicquid
2689 3814 2778 3871 ιδ,

860 3878 962 3926 Dio
996 3876 1309 3937 poseat-tem
1346 3877 1581 3940 prefecti
1611 3878 1769 3926 Urbis
1843 3878 1988 3927 Urbs
2032 3880 2376 3941 septinseutis
2415 3888 2471 3927 et
2509 3879 2632 3940 quin
2669 3892 2761 3926 n-

856 3940 1041 3991 dsfinit
1076 3941 1257 3991 stadiis
1280 3942 1344 3989 ab
1376 3943 1519 3991 Urbe
1542 3946 1654 3989 65⁰.
1679 3956 1768 3989 seu
1841 3943 1988 4005 ginta
2009 3944 2206 4005 stadiis,
2223 3942 2274 3991 id
2297 3952 2394 3997 est,
2409 3950 2629 4005 quatuor
2667 3956 2761 3991 ero

858 4020 1099 4067 passuum
1146 4007 1299 4069 paulo
1344 4007 1457 4067 plus
1500 4008 1772 4067 octoginta
1841 4014 1896 4054 et
1937 4007 2218 4069 nonaginta
2243 4020 2486 4069 passuum
2511 4006 2758 4062 millibus,

856 4070 1094 4117 millibus.
1160 4070 1261 4117 Sed
1286 4071 1319 4119 Ι.
1344 4080 1380 4117 ι.
1414 4068 1469 4118 ff.
1503 4070 1572 4119 de
1613 4068 1770 4119 Offic.
1841 4070 2025 4131 distat,
2050 4071 2210 4119 dividi
2243 4072 2464 4119 voluisse
2497 4070 2768 4120 Maccus&

854 4130 1017 4181 Praef.
1042 4134 1221 4194 Urbis,
1246 4134 1309 4181 ad
1344 4142 1551 4182 centum
1595 4148 1772 4197 passu·
1845 4144 1946 4183 tem
1991 4134 2134 4183 diest
2179 4136 2232 4183 in
2274 4138 2530 4211 regiones,
2570 4136 2756 4198 quibus

856 4208 942 4248 um
966 4198 1121 4245 millia
1142 4198 1207 4246 sb
1230 4196 1375 4247 Urbe
1412 4212 1491 4248 res
1530 4198 1772 4259 produci·
1843 4198 2085 4248 curandis
2109 4200 2194 4249 alii
2232 4206 2560 4261 magistratus
2586 4196 2758 4261 praefi-

854 4264 962 4323 tur‚
1010 4275 1127 4325 quoe
1172 4258 1400 4311 efficiunt
1448 4262 1625 4313 leucas
1658 4278 1771 4314 nos·
1843 4270 2110 4314 cerentur.
2139 4306 2154 4313 -
2177 4262 2258 4314 lbi
2279 4264 2416 4313 enim
2437 4263 2602 4313 debet
2629 4264 2756 4314 iuci-
