3159 4959
1161 447 1553 498 bistonum
1603 446 1824 497 mvn.
2401 428 2576 497 w

1288 671 1479 739 LIB.
1526 673 1626 737 11.

466 854 711 919 Brutus
730 853 1160 939 jurejurando
1191 856 1521 939 populum
1554 854 1889 935 astrinxit,
1927 856 2254 919 neminem
2298 874 2570 937 regnare

382 950 622 1021 Romae
652 962 1015 1039 passuros.¹
1074 954 1515 1039 Tarquinium
1542 954 1973 1031 Collatinum,
2006 956 2324 1041 collegam
2353 976 2572 1035 suum,

380 1065 656 1139 propter
704 1054 1086 1123 affinitatem
1114 1052 1635 1139 Tarquiniorum
1680 1066 2094 1140 suspectum,
2141 1054 2363 1139 co'egit
2410 1076 2574 1121 con-

382 1156 600 1221 sulatu
676 1178 751 1219 se
817 1156 1149 1231 abdicare,
1223 1164 1289 1221 et
1362 1158 1634 1221 civitate
1704 1157 1962 1223 cedere.
2081 1156 2277 1222 Bona
2345 1176 2571 1237 regum

380 1256 582 1341 diripi
616 1258 864 1341 jussit:
912 1276 1137 1339 agrum
1168 1256 1377 1322 Marti
1424 1260 1866 1335 consecravit,
1912 1260 2029 1343 qui
2060 1258 2356 1342 Campus
2389 1258 2575 1323 Mar-

381 1359 516 1424 tius
562 1358 944 1423 nominatus
984 1368 1111 1423 est.
1199 1358 1682 1425 Adolesceutes
1722 1359 2004 1438 nobileS,
2043 1360 2108 1423 in
2138 1362 2381 1444 quibus
2410 1378 2572 1423 suos

382 1478 654 1545 quoque
704 1468 773 1523 et
823 1462 1066 1525 sororis
1124 1460 1407 1540 filios,²⁰
1468 1462 1633 1547 quia
1691 1460 2205 1547 conjuraverant
2261 1458 2346 1525 de
2405 1455 2574 1523 reci-

380 1558 642 1643 piendis
688 1559 972 1643 regibus,
1013 1562 1229 1627 securi
1278 1562 1630 1645 percussit.
1718 1562 1926 1628 Servo
1973 1560 2200 1641 indici,
2247 1562 2358 1625 cui
2399 1556 2570 1624 Vin-

379 1662 600 1725 dicio³
645 1682 882 1726 nomen
925 1662 1075 1738 suit,
1121 1664 1489 1729 libertatem
1522 1661 1752 1729 dedit:
1799 1685 1881 1729 ex
1917 1662 2112 1749 cujus
2140 1662 2396 1727 nomine
2429 1665 2571 1727 vin-

377 1762 559 1828 dicta
604 1770 707 1829 est
738 1762 1105 1848 appellata.
1195 1764 1363 1831 Cum
1410 1766 1732 1832 adversus
1776 1784 1984 1849 reges,
2030 1766 2169 1850 qui,
2209 1763 2570 1829 contractis

374 1862 759 1930 Veientium
812 1870 881 1930 et
914 1866 1548 1951 Tarquiniensium⁴
1599 1870 1842 1951 copiiS,
1888 1867 2140 1932 bellum
2193 1864 2570 1943 intulerant,

374 1966 743 2031 exercitum
766 1966 1104 2046 duxisset,
1134 1970 1203 2031 iu
1236 1970 1385 2033 acie
1414 1990 1561 2033 cum
1586 1969 1860 2045 Aramo,
1887 1968 2028 2032 filio
2053 1967 2359 2050 Superbi,
2392 1985 2568 2028 com-

376 2075 674 2132 mortuus
711 2074 857 2133 est:
903 2088 1187 2153 eumque
1240 2073 1560 2135 matronae
1593 2088 1835 2135 annum
1883 2070 2227 2135 luxerunt.
2317 2064 2397 2131 Ρ.
2427 2064 2570 2131 Va·-

372 2170 576 2233 letius
635 2170 871 2234 consul
930 2168 1142 2253 legem
1196 2168 1279 2235 de
1330 2173 1815 2255 provocatione
1880 2172 1965 2235 ad
2021 2169 2342 2255 populum
2397 2166 2568 2243 tulit.

374 2272 785 2354 Capitolium
810 2270 1187 2336 dedicatum
1216 2278 1345 2337 est.
1422 2268 1742 2349 Porsena,
1769 2294 1886 2339 rex
1912 2272 2356 2349 Clusinorum,
2389 2268 2566 2334 bello

373 2390 495 2454 pro
548 2372 934 2455 Tarquiniis
986 2381 1325 2457 suscepte,
1369 2393 1518 2438 cum
1573 2374 1659 2438 ad
1691 2372 2073 2439 Janioulum
2129 2373 2440 2446 venisset,
2485 2391 2568 2437 ne

370 2470 667 2539 Tiberim
710 2476 1042 2552 transiret,
1099 2475 1335 2540 virtute
1369 2472 1650 2541 Coclitis
1705 2472 1979 2539 Horatii
2015 2472 2384 2557 prohibitus
2415 2480 2566 2553 θεῖς

372 2576 506 2657 qui,
555 2575 707 2639 dum
739 2574 852 2640 alii
884 2584 1153 2662 pontem
1188 2576 1545 2641 sublicium
1577 2576 1981 2653 rescindunt,
2017 2575 2208 2639 solus
2241 2572 2566 2639 Etruscos

368 2677 715 2757 sustinuit;
764 2686 849 2756 et,
900 2684 1103 2762 ponte
1151 2686 1376 2761 rupto,
1431 2685 1726 2742 armatus
1764 2676 1934 2742 sein
1968 2674 2212 2739 flumen
2251 2673 2458 2752 misit,
2502 2680 2570 2739 et

368 2776 453 2840 ad
488 2796 649 2841 suos
681 2780 992 2845 tranavit.
1080 2778 1382 2845 Alterum
1436 2781 1731 2845 accessit
1781 2778 2049 2843 virtutis
2095 2776 2478 2861 exemplum
2525 2796 2567 2841 a

374 2876 651 2959 Muci03
697 2883 833 2963 qui,
881 2902 1036 2945 cum
1082 2882 1166 2946 ad
1214 2880 1571 2947 feriendum
1624 2880 1992 2946 Porsenam
2025 2877 2566 2944 castrahostium

368 2978 703 3057 intrasset,
732 2982 964 3046 occiso
995 2984 1234 3059 scriba,
1278 3004 1472 3067 quern
1503 3003 1726 3064 regem
1757 3002 1910 3045 esse
1934 2981 2234 3063 putabat,
2265 2997 2563 3061 compre-

370 3078 647 3158 hensuS,
670 3082 1059 3164 impositam
1078 3080 1403 3147 altaribus
1426 3102 1722 3159 manum,
1747 3082 1816 3144 in
1843 3083 2092 3165 quibus
2116 3076 2562 3143 sacrificatum

371 3188 538 3259 erat,
588 3186 777 3247 exuri
809 3202 1057 3266 passus
1090 3190 1233 3263 est3
1277 3182 1598 3267 dixitque,
1648 3184 1820 3247 tales
1870 3188 2195 3246 trecentos
2223 3200 2376 3245 esse
2407 3200 2562 3245 con-

358 3280 623 3366 juratos
653 3286 725 3349 in
766 3294 1047 3349 mortem
1091 3285 1307 3369 ipsius
1350 3287 1549 3367 regis.
1643 3284 1943 3365 Quorum
1977 3282 2414 3347 admiratione
2446 3302 2562 3347 co-

368 3390 560 3449 actus
598 3384 890 3452 Porsena
930 3387 1123 3470 pacis
1154 3386 1575 3452 conditiones
1627 3389 1814 3464 serre,
1868 3384 2118 3450 bellum
2149 3384 2400 3461 omisit,
2446 3402 2562 3448 ac-

368 3489 585 3570 ceptis
626 3489 1007 3555 obsidibus.
1095 3490 1205 3553 Ex
1254 3491 1503 3574 quibus
1549 3490 1733 3572 virgo
1773 3507 1906 3553 una
1945 3486 2208 3564 Cloelia,
2259 3486 2561 3567 deceptis

1280 3634 1585 3656 ‘mm
1591 3636 1650 3655 Μ

435 3736 461 3780 1
497 3732 759 3781 Panum
780 3734 945 3783 Gron-
958 3735 1345 3799 Dedin-Crem
1364 3736 1666 3785 Stroth-*2
1687 3735 1775 3784 Ita
1792 3748 1858 3783 ex
1877 3733 2081 3783 emend.
2098 3734 2251 3782 Crev.
2276 3746 2370 3795 pro
2391 3734 2560 3793 etfre-

364 3796 459 3845 tn'ae
471 3795 630 3859 filiu.
652 3796 791 3859 quod
814 3799 951 3857 npud
976 3799 1133 3847 Crcv.
1162 3800 1365 3862 legitur.
1410 3798 1581 3848 Drak.
1606 3800 1898 3859 suspicatur
1919 3814 1948 3846 ο
1969 3798 2090 3847 eod.
2111 3798 2260 3845 Voso-
2283 3798 2557 3859 legendum

366 3874 483 3910 ene
504 3872 613 3909 euos
624 3874 801 3924 quoqne
815 3861 1007 3919 ,rr-tm
1025 3868 1075 3913 et
1090 3864 1343 3928 filim—3
1387 3864 1638 3913 Vindici-o
1659 3864 1823 3913 Gron.
1847 3862 2056 3928 Donjat.
2077 3862 2327 3911 Crem—⁴
2359 3862 2560 3926 Tamu-

1352 3976 1573 4025 NOTAE

424 4078 449 4105 ⁶
485 4070 551 4118 Et
567 4068 915 4135 uror-infilius]
954 4070 1017 4119 In
1041 4071 1301 4137 plerisque
1334 4086 1421 4121 co·
1499 4084 1556 4120 se
1579 4070 1878 4137 reliquium
1910 4082 2005 4119 nec
2029 4070 2193 4119 Bruto
2215 4068 2346 4119 ullos
2367 4072 2556 4121 sororis

360 4146 560 4197 dicibus
582 4146 966 4209 legitur-fiatri·
976 4148 1133 4212 filios.
1194 4148 1300 4199 Sed
1322 4162 1421 4199 nec
1496 4146 1633 4197 filios
1655 4146 1812 4197 fuine
1834 4146 2057 4197 invenis).
2101 4146 2290 4195 Uxori·
2304 4146 2557 4199 duntaxat

364 4222 442 4272 Μ.
476 4220 689 4275 ,iunium
727 4222 787 4271 1...
820 4222 975 4273 Bruti
1008 4222 1245 4286 fratrem,
1276 4224 1363 4289 qui
1386 4238 1419 4273 a
1494 4220 1688 4274 fratre·
1709 4224 1850 4273 inter
1866 4223 2156 4286 conjuratos
2179 4230 2472 4281 occurrunt,
2487 4222 2554 4274 de

362 4294 635 4363 Tarquinio
648 4296 885 4363 Superbo
900 4312 1081 4362 emus,
1094 4298 1283 4351 liberos
1298 4306 1417 4366 poet
1494 4298 1682 4365 quibu·
1705 4300 1739 4348 Ι.
1761 4310 1828 4349 ιι.
1839 4312 1890 4349 c.
1911 4300 1960 4349 4.
