3159 4959
1534 390 1605 441 Τ.
1651 386 1844 441 lell

886 541 985 593 to:
1026 542 1253 593 statuas
1275 531 1373 591 vel
1400 551 1610 591 aureas
1633 531 1732 591 vel
1759 540 2070 609 argenteas
2093 532 2234 611 poni
2259 540 2416 591 veta.
2502 530 2790 609 Magnam·

888 628 1041 687 enim
1082 628 1201 687 illae
1248 629 1573 707 impensam
1615 628 1942 707 postulant,
1985 636 2068 697 et,
2114 628 2216 686 nbi
2257 628 2501 696 vixeris,
2542 628 2794 686 avaritia

888 732 1017 783 aut.
1046 724 1392 785 necessitate
1444 724 1822 803 superstitum
1873 719 2307 781 conflabuntur.
2387 721 2582 781 Tuum
2613 732 2794 801 ‘opus
2826 762 2834 767 -

886 818 965 877 sit
987 818 1416 881 benefaciendo
1442 818 1549 876 tibi
1576 818 1634 874 in
1664 817 1876 876 animis
1899 824 2131 875 tuorum
2154 817 2576 895 pulcherrimas
2605 816 2792 875 fabri·

886 933 1023 973 care
1049 914 1355 991 imagines,
1384 932 1533 992 quas
1558 911 1728 971 nulla
1753 912 2187 971 authominum
2213 921 2317 972 aut
2343 920 2672 991 temporum
2699 912 2796 973 ins

878 1010 1042 1085 juria
1067 1017 1425 1088 corrumpat.

970 1110 1070 1163 63.
1116 1114 1133 1139 ‘
1156 1103 1280 1163 Sed
1318 1122 1509 1182 neque
1550 1101 1840 1181 templum
1873 1101 2236 1161 exstrui-tibi
2259 1102 2421 1160 sine:
2465 1110 2704 1181 praestat
2728 1103 2795 1161 in

891 1218 982 1258 res
998 1200 1353 1258 necessarias
1374 1196 1664 1275 ejusmodi
1680 1204 1904 1258 sumtus
1921 1216 2316 1276 comparcere.
2363 1195 2618 1273 Magnas
2635 1198 2800 1256 enim

890 1294 1131 1354 divitias
1169 1296 1407 1364 rectius,
1442 1313 1638 1374 panca
1672 1292 1992 1369 erogando,
2023 1312 2204 1371 quam
2233 1291 2420 1351 multa
2445 1292 2798 1372 accipiendo

892 1391 1209 1469 paraveris.
1293 1389 1412 1450 Sed
1450 1410 1644 1469 neque
1684 1389 1912 1449 divitiae
1935 1388 2205 1466 gloriam
2250 1388 2602 1459 hominibus,
2645 1392 2796 1467 quin
2891 1398 2902 1403 '

892 1488 1071 1547 immo
1098 1488 1283 1547 virtus
1306 1486 1626 1546 conciliat:
1668 1504 1803 1566 quae
1839 1485 2054 1544 multos
2088 1486 2146 1543 in
2189 1505 2298 1564 par
2324 1483 2462 1565 Diis
2494 1484 2802 1563 fastigium,

892 1583 1167 1664 reposuit.
1252 1582 1347 1640 At
1382 1581 1676 1660 suffragiis
1707 1581 2041 1641 mortalium
2072 1580 2242 1639 Deus
2267 1591 2438 1639 nemo
2465 1579 2658 1641 factus
2680 1591 2801 1643 est.

896 1677 1091 1755 Igitur
1114 1686 1273 1738 recte
1300 1685 1480 1755 atque
1518 1676 1726 1736 ordine
1755 1676 2066 1755 imperanti
2101 1683 2260 1734 totus
2282 1675 2443 1733 orbis
2465 1694 2632 1735 sacer
2655 1677 2802 1747 erit,-

894 1791 1095 1832 omnes
1118 1771 1293 1830 urbes
1316 1769 1563 1849 templa,
1591 1790 1793 1829 omnoe
1815 1770 2084 1829 homines
2105 1768 2439 1829 simulacra.
2509 1769 2676 1829 Nam
2703 1771 2802 1849 ip-,

895 1888 1089 1929 sorum
1115 1867 1174 1926 in
1202 1866 1495 1925 mentibus
1518 1885 1652 1925 cum
1681 1864 1871 1942 gloria
1893 1863 2299 1925 collocaberis.
2383 1865 2570 1925 Secus
2595 1875 2802 1933 autem

896 1972 1131 2025 utentes
1170 1963 1459 2043 potentia,
1504 1982 1613 2021 nec
1659 1962 1968 2023 honestant
2011 1962 2182 2031 talia,
2229 1962 2370 2022 licet
2419 1964 2693 2023 omnibus
2731 1965 2796 2023 in

898 2060 1131 2141 populis
1155 2066 1481 2139 ponantur:
1528 2057 1637 2116 sed
1675 2079 1878 2118 eorum
1917 2068 2136 2136 augent
2173 2059 2443 2129 crimina,
2471 2059 2632 2137 quod
2661 2070 2794 2119 tan-

896 2176 1075 2236 quam
1102 2166 1328 2234 tropaea
1348 2152 1624 2233 quaedam
1659 2154 2053 2232 improbitatis
2077 2174 2302 2223 eorum,
2329 2162 2392 2213 et
2415 2166 2798 2216 monumenta

898 2252 1197 2330 injustitiae
1250 2250 1656 2329 aspiciuntur:
1698 2258 1780 2319 et,
1827 2259 2051 2329 quanto
2095 2249 2332 2311 diutius:
2350 2258 2580 2323 extant,
2627 2260 2796 2311 tanto

898 2346 1222 2425 longiorem
1254 2348 1511 2425 ipsorum
1535 2339 1796 2405 efficiunt
1820 2344 2145 2406 infamiam.

974 2449 1080 2503 64.
1125 2452 1141 2477 ‘
1166 2442 1329 2520 Ergo
1362 2441 1412 2499 si
1446 2442 1557 2501 tibi
1591 2461 1792 2501 veram
1831 2442 2334 2501 immortalitatem
2364 2444 2642 2522 proponis
2665 2446 2796 2503 ani·

894 2558 1015 2607 mo,
1041 2546 1103 2596 et
1127 2557 1263 2617 qnae
1285 2536 1449 2595 dicta
1474 2543 1611 2595 sunt
1642 2537 1802 2596 hunc
1825 2536 1903 2596 ad
1931 2536 2169 2596 modum
2195 2536 2410 2617 perfice
2433 2558 2450 2607 3
2495 2538 2798 2598 divinum-

895 2652 1013 2712 que
1058 2650 1298 2702 numen‚
1344 2650 1573 2709 semper
1613 2640 1676 2689 et
1705 2632 1947 2709 ubique,
1989 2631 2311 2691 secundum
2343 2634 2563 2711 patrios
2601 2653 2794 2693 mores

891 2726 1060 2794 cole;
1092 2725 1379 2803 aliosque,
1400 2732 1469 2785 ut
1494 2726 1579 2783 ita
1603 2725 1828 2795 colant,
1858 2726 2030 2805 adige
2055 2747 2070 2786 z
2099 2736 2408 2789 novatores
2434 2736 2634 2787 autem
2654 2728 2802 2793 odio.

894 2821 1049 2879 habe
1076 2820 1339 2898 aepnni,
1368 2838 1483 2877 non
1510 2818 1962 2899 solum-propter
1984 2820 2174 2891 Deos,
2196 2842 2344 2901 quos
2365 2823 2471 2902 qui
2493 2834 2804 2903 spernunt,‘

896 2915 1149 2975 aliorum
1183 2913 1362 2973 etiam
1399 2922 1798 2973 contemtores
1829 2934 1954 2973 esse
1995 2935 2297 2975 necessum
2329 2927 2450 2986 est;
2495 2917 2598 2977 sed
2627 2921 2804 2998 quia,-

894 3031 1051 3071 nova
1078 3010 1531 3079 introducentes,
1559 3010 1764 3069 multis
1789 3009 1864 3070 ad
1893 3000 2226 3091 peregrinos
2247 3012 2618 3073 desciscendi
2651 3015 2806 3081 ritus⁸

894 3108 1265 3167 occasionem
1318 3106 1598 3185 praebent.
1683 3106 1880 3187 Atqui
1925 3127 2001 3166 ea
2045 3109 2290 3167 licentia
2335 3111 2792 3188 conjurationen,

892 3205 1313 3283 coitionesque,
1334 3211 1399 3262 et
1430 3200 1710 3262 sodalitia
1746 3212 2038 3283 procreat,
2077 3224 2168 3263 res
2199 3204 2371 3263 unius
2401 3206 2646 3285 imperio
2681 3206 2806 3264 mi..

893 3320 1021 3358 rum
1057 3308 1343 3378 quantum
1383 3298 1667 3356 inimicas.
1753 3296 1872 3358 Sed
1899 3318 2091 3378 neque
2121 3297 2287 3358 Deos
2319 3320 2444 3359 eme
2481 3310 2790 3378 negantem

894 3393 1104 3463 ullum,
1161 3412 1350 3471 neque
1406 3392 1888 3471 praestigiatorem
1939 3393 2298 3453 toleraveris.
2385 3394 2552 3455 Nam
2597 3416 2790 3475 neque

893 3488 1179 3548 divinatio
1232 3485 1501 3545 tollenda
1548 3496 1674 3555 est;
1747 3489 1925 3547 immo
1983 3489 2379 3550 constituendi
2422 3509 2672 3567 augures
2729 3502 2792 3550 et

894 3584 1249 3661 haruspices,
1276 3582 1377 3660 qui
1412 3602 1449 3639 a
1484 3582 1819 3642 volentibus
1856 3584 2254 3644 consulantur.
2341 3585 2558 3663 Magos
2594 3596 2808 3647 autem-

894 3680 1127 3759 penitus
1144 3698 1347 3738 exesse
1374 3680 1688 3758 oportebit.
1743 3678 1852 3739 .1d
1871 3680 2022 3739 enim
2047 3701 2252 3758 genus,-
2279 3680 2600 3759 aliquando
2625 3702 2792 3753 vera,

894 3775 1112 3854 soepius
1134 3773 1285 3833 salsa
1318 3774 1762 3853 respondentes,
1791 3776 1869 3835 ad
1905 3791 2094 3835 rerum
2130 3797 2420 3841 novarum
2449 3779 2806 3858 cupidinem:

894 3870 1209 3931 multorum
1234 3870 1461 3929 animos
1497 3872 1750 3947 erigunt.
1835 3872 2004 3937 Quin
2027 3882 2090 3930 et
2115 3872 2488 3952 philosophos
2507 3873 2806 3933 simulam--

892 3966 1039 4025 tium
1074 3964 1234 4024 haud
1261 3965 1436 4043 pauci
1460 3965 1673 4025 eadem
1699 3974 1928 4025 tentant
1952 3986 1966 4026 ε
2010 3966 2167 4025 unde
2185 3976 2249 4027 et
2266 3966 2401 4027 illos
2419 3962 2652 4047 quoque
2677 3969 2792 4029 tibi

894 4059 1191 4120 cavendos
1222 4080 1347 4119 esse
1376 4059 1606 4139 judico.
1687 4060 1855 4147 Nam
1887 4062 1938 4120 si
1973 4060 2202 4122 Areum
2232 4073 2296 4123 et
2335 4063 2790 4124 Athenodorum

895 4154 1083 4215 bonos
1134 4175 1205 4217 ac
1247 4150 1524 4217 honestos
1562 4157 1718 4221 viros
1761 4158 2120 4237 comperisti,
2157 4179 2233 4221 ne
2270 4158 2404 4219 ideo
2439 4159 2658 4219 similes
2695 4158 2792 4219 his
