3159 4959
532 785 747 850 Appian.

536 1271 719 1320 Strabo.

536 1656 750 1720 Appian.

571 2129 669 2179 Dio
689 2139 741 2178 et

538 2192 750 2258 Appian-

534 2419 654 2470 Dio.

566 2891 683 2940 Tac.
706 2891 817 2939 Ann

536 2971 647 3066 gir.
671 3017 749 3081 Ep

578 3083 710 3129 Plut.

534 3147 721 3194 Anton.

750 3019 803 3066 it.

1488 443 1558 494 'l'-
1607 443 1797 494 mvn

862 573 1071 650 vicinis
1122 588 1268 648 locis
1314 589 1553 667 agebat,
1601 603 1716 647 non
1763 587 1872 645 nisi
1917 587 2108 665 pretio
2155 593 2423 665 accepto,
2472 582 2636 662 ligna
2681 581 2754 642 a'd

856 685 1081 757 focum,
1126 696 1189 745 et
1229 685 1306 744 ad
1344 685 1796 744 exercitationes
1839 682 2038 741 ulmea
2076 680 2316 740 hastilia
2362 682 2754 761 praebueruntz

860 781 1017 842 Sane
1066 801 1181 840 non
1223 782 1307 840 ita
1352 780 1579 860 pridem
1607 781 1906 838 Antistius
1941 777 2136 838 Vetus
2180 797 2482 860 aggressus
2519 778 2759 856 necopi-

858 887 1085 946 nantes,
1132 896 1290 947 cum,
1336 877 1620 954 angustiis
1663 874 1992 954 occupatis,
2041 875 2322 933 continuo
2376 872 2616 931 biennio
2657 891 2760 930 eos

856 971 1205 1041 obsedisset,
1232 971 1373 1030 salis
1408 971 1669 1030 maxime
1707 970 1906 1050 inopia
1943 968 2243 1045 fatigatos,
2281 965 2360 1025 ad
2393 965 2758 1026 deditionem

859 1067 1214 1147 perpulerat.
1300 1066 1425 1138 Sed
1466 1065 1728 1124 insidiati
1769 1064 2198 1132 occasionibus,
2225 1081 2360 1122 cum
2396 1061 2758 1124 munimenta

862 1161 1269 1222 Romanorum
1302 1169 1758 1243 expugnassent,
1797 1178 2026 1219 omnem
2059 1159 2276 1218 deinde
2304 1157 2544 1218 Veteris
2575 1178 2756 1218 cona-

860 1270 985 1320 tum
1006 1260 1197 1320 irrisui
1218 1259 1563 1320 habuerunt.
1623 1256 1744 1316 Sed
1771 1263 1834 1315 et
1855 1255 2110 1314 Caesaris
2135 1253 2456 1333 aliquando
2481 1255 2760 1334 pecurfias

858 1356 1262 1436 diripuerunt:
1306 1362 1368 1413 et
1400 1354 1595 1432 specie
1630 1350 2074 1411 reficiendarum
2103 1350 2332 1408 viarum
2357 1358 2536 1428 atque
2565 1351 2757 1429 ponti-

862 1469 983 1520 um,
1013 1471 1047 1510 e
1087 1449 1327 1510 summis
1358 1449 1641 1507 montium
1673 1447 1840 1526 jugis
1877 1446 1938 1504 in
1964 1444 2192 1504 vallum
2235 1443 2578 1524 Romanum
2609 1463 2758 1505 saxa

858 1546 1269 1606 devolverunt.

942 1648 1039 1702 38.
1085 1640 1207 1700 Sed
1246 1651 1371 1700 tum
1408 1640 1668 1719 quidem,
1707 1641 1788 1699 ob
1831 1639 1901 1698 L.
1945 1637 2199 1697 Antonii
2239 1635 2488 1706 bellum,
2529 1634 2754 1709 Caesar,

860 1737 955 1795 his
986 1735 1220 1796 indulta
1254 1736 1551 1806 libertate,
1590 1737 1824 1794 veniam
1858 1733 2282 1814 praeteritorum
2317 1731 2582 1792 dederat.
2665 1731 2760 1791 At

858 1831 951 1893 illi
986 1841 1313 1910 temporum
1350 1851 1531 1891 causa
1582 1830 1696 1889 hoc
1744 1830 1969 1888 factum
2015 1827 2315 1908 suspicati,
2363 1847 2552 1906 neque
2591 1846 2756 1885 man·

858 1947 1080 1998 surum,
1118 1928 1221 1986 ubi
1262 1926 1396 2007 plus
1434 1927 1543 1986 otii
1585 1935 1794 1986 nactus
1835 1925 2040 1984 Caesar
2073 1935 2248 1995 esset,
2285 1943 2400 1982 non
2442 1923 2759 1982 omiserunt

860 2021 1011 2082 alias
1046 2023 1327 2083 asciscere
1362 2023 1636 2082 civitates
1677 2022 1735 2079 in
1773 2020 2140 2089 societatem,
2177 2028 2239 2078 et
2273 2019 2595 2078 abnuentes
2625 2017 2757 2077 hos-

858 2118 1043 2176 tiliter
1081 2118 1377 2178 invadere.
1460 2116 1614 2176 Tum
1657 2117 1835 2192 igitur
1879 2113 2124 2173 Valerio
2161 2114 2504 2173 mandatum
2542 2112 2600 2171 id
2629 2111 2756 2171 heb

862 2214 983 2274 lum
1008 2223 1132 2273 est:
1176 2215 1341 2292 isque
1368 2230 1586 2292 magno
1621 2212 1825 2271 labore
1851 2210 1928 2270 ad
1954 2209 2172 2270 famem
2207 2209 2478 2270 redactos
2503 2210 2562 2268 in
2589 2207 2755 2268 dedi-

860 2311 1077 2369 tionem
1106 2309 1356 2390 aceepit.

938 2411 1040 2465 39.
1087 2403 1251 2465 Dum
1286 2405 1372 2464 ita
1398 2401 1606 2464 Caesar
1637 2419 1774 2463 cum
1800 2402 1976 2463 variis
2009 2402 2280 2480 gentibus
2303 2400 2594 2470 decertat,
2631 2399 2757 2458 An-

859 2503 1052 2562 tonius
1076 2500 1519 2579 expeditionem
1544 2498 1744 2558 denuo
1767 2499 2024 2577 suscepit
2059 2498 2116 2556 in
2153 2497 2502 2556 Armeniam
2527 2517 2543 2556 ε
2588 2498 2759 2556 inito-

858 2616 974 2675 que
998 2595 1205 2654 eodem
1230 2594 1330 2654 die
1356 2603 1417 2653 et
1441 2595 1634 2673 posito
1657 2593 1994 2663 consulatu,
2022 2592 2104 2652 P.
2133 2591 2540 2673 Sempronium
2569 2592 2760 2650 Atra-

858 2693 1047 2750 tinum
1072 2691 1341 2758 snffecit;
1387 2690 1541 2750 unde
1568 2689 1940 2770 quorundam
1977 2689 2288 2748 annalibus
2327 2708 2400 2748 eo
2441 2708 2595 2748 anno
2643 2706 2758 2748 non

860 2785 1183 2857 Antonius,
1226 2785 1331 2844 sed
1372 2785 1694 2845 Atratinus
1735 2783 1939 2844 consul
1983 2785 2394 2865 praescribitnr.
2479 2784 2757 2843 Ceterum

820 2923 835 2940 .
860 2891 941 2942 ut
970 2880 1111 2941 dolo
1159 2881 1561 2942 Artavasden
1607 2892 1870 2963 caperet,
1918 2882 2142 2941 viribus
2171 2867 2438 2951 'diffisum
2487 2879 2758 2939 amicitiae

859 2978 1053 3057 specie
1080 2977 1335 3038 offensas
1370 2989 1592 3056 tegens,
1623 2980 1708 3044 Q.
1751 2978 2022 3038 Dellium
2061 2977 2241 3048 misit,
2268 2978 2372 3056 qui
2405 2976 2590 3036 filiam
2630 2977 2760 3054 ejus

861 3072 987 3132 filio
1008 3093 1116 3134 suo
1141 3072 1499 3134 Alexandro
1520 3076 1834 3152 conjugem
1871 3083 2132 3154 peteret:
2176 3073 2364 3134 multa
2387 3083 2450 3131 et
2476 3072 2760 3151 praeclara

862 3168 1179 3248 pollicitus.
1264 3169 1431 3235 Quin
1472 3178 1535 3228 et
1574 3170 1699 3248 ipse
1739 3187 2005 3228 reversus
2045 3168 2104 3226 in
2146 3166 2464 3227 Armenios
2487 3168 2760 3227 evocavit

860 3283 994 3323 eum
1037 3263 1411 3344 Nicopolim,
1448 3283 1557 3324 nec
1597 3264 1822 3324 destitit
1862 3263 2135 3322 omnibus
2173 3263 2398 3322 artibus
2435 3261 2756 3332 solicitam,

860 3359 1047 3418 literis
1086 3369 1267 3435 atque
1312 3360 1676 3416 sermonibus
1715 3359 1874 3414 nihil·
1904 3360 2013 3414 nisi
2051 3377 2296 3418 snmmae
2335 3359 2758 3418 benevolentiae

858 3455 1087 3530 signum
1152 3451 1481 3531 praeferens.
1582 3449 1761 3510 Nihil
1827 3449 1906 3510 ad
1973 3451 2102 3510 haec
2166 3463 2327 3512 moto
2391 3453 2758 3524 Artavasde,

863 3549 1111 3628 (quippe
1148 3547 1271 3606 alia
1299 3547 1708 3606 commeruisse
1741 3565 1984 3619 memor,
2025 3544 2207 3606 fidere
2249 3549 2362 3606 non
2407 3550 2760 3628 properabat

862 3645 917 3700 ei
964 3661 1139 3722 quem
1181 3641 1569 3720 offendisset,)
1619 3643 1826 3702 iterum
1881 3643 1958 3702 ab
1995 3641 2265 3701 Antonio
2315 3640 2552 3701 Dellius
2593 3643 2762 3704 adest

861 3757 999 3798 cum
1051 3736 1445 3796 blandissimis
1494 3737 1827 3798 mandatis:
1887 3757 1996 3797 nec
2055 3757 2128 3796 eo
2179 3738 2412 3814 segnius
2460 3738 2760 3798 Antonius

863 3832 1169 3892 Artaxata
1194 3831 1403 3892 tendit.
1453 3832 1557 3892 Ita
1578 3853 1710 3903 rex,
1745 3833 1959 3912 partim
1985 3832 2512 3912 pollicitationibus
2535 3833 2758 3894 adduc·

862 3937 978 3998 ms,
1017 3930 1231 4007 partim
1266 3937 1423 3990 metu
1464 3928 1770 4008 legionum·
1797 3947 1932 4008 qnae
1971 3949 2108 3988 cum
2151 3926 2424 3988 Antonio
2465 3939 2656 4000 erant,
2697 3931 2758 3989 in

859 4032 1054 4084 castra
1084 4026 1215 4101 ejus
1248 4025 1429 4085 venit.

940 4126 1041 4178 40.
1081 4119 1237 4181 Tum
1281 4141 1421 4180 vero
1466 4121 1778 4200 pecuniam
1819 4121 1929 4180 sibi
1973 4121 2174 4180 deesse
2219 4121 2520 4192 simulans,
2563 4139 2754 4198 neque

858 4211 1108 4276 libenter
1130 4215 1373 4276 daturos
1396 4216 1738 4288 Armenios,
1771 4219 1882 4278 nisi
1921 4218 2178 4298 pignoris
2213 4218 2346 4278 loco
2379 4235 2576 4295 regem
2617 4216 2763 4278 reti·
