3159 4959
823 464 1026 512 msm
1073 464 1316 511 cxxv.
1361 462 2010 513 suprcnnsnruu.
2350 448 2527 511 5569

303 603 674 684 providentie
719 605 1110 685 acquiescere.
1193 602 1340 674 Sed,
1387 604 1481 663 his
1515 602 1788 672 sublatis,
1836 604 1973 664 novi
2022 612 2203 684 atque

301 701 594 781 inexperti
617 701 791 761 ducis
827 700 1026 759 subire
1065 701 1374 781 imperium
1399 720 1597 780 neque
1633 699 1809 759 focile
1840 707 1933 759 est
1960 720 2201 779 genero-

301 798 384 859 sis
407 797 730 866 mentibus3
775 816 966 877 neque
989 816 1064 857 eo
1087 796 1516 877 properandum
1543 806 1635 857 est
1658 810 1973 876 antequam
1999 816 2201 857 neces-

295 894 478 953 sitate
497 914 803 973 cogemur,
832 912 968 973 quae
991 913 1106 954 nou
1133 893 1413 975 relinquit
1435 892 1683 954 consilio
1706 894 1922 955 locum.
1992 892 2200 953 Enim-

296 1009 442 1049 vero
479 991 538 1053 in
575 1010 653 1051 eo
687 990 884 1051 adhuc
921 1006 1015 1051 res
1053 1000 1212 1062 sunt,
1239 1000 1306 1051 ut
1337 991 1557 1050 bebere
1579 989 1805 1051 socium
1830 990 2201 1069 amicumque

297 1084 684 1167 Pompeium,
733 1106 916 1166 quum
979 1087 1391 1167 imperatorem
1443 1086 1635 1147 melis.
1722 1084 1862 1145 Nec
1922 1106 2061 1145 vero
2124 1084 2203 1145 sd

295 1182 470 1241 unius
511 1182 820 1263 imperium
863 1181 1103 1243 omniuo
1145 1182 1388 1261 confugi
1427 1202 1578 1262 opus
1620 1190 1729 1241 est.
1816 1180 1987 1241 Duos
2026 1181 2205 1262 paulo

295 1286 436 1337 ente
505 1277 816 1337 habuimus
869 1280 1270 1357 imperatores,
1314 1278 1532 1357 quibus
1573 1277 1823 1337 multum
1866 1276 2205 1337 confideba-

293 1392 458 1439 mus:
506 1380 590 1441 et,
619 1373 669 1431 si
696 1372 884 1432 victos
908 1371 1058 1431 forte
1080 1392 1335 1451 regeres,
1361 1374 1540 1433 etiam
1567 1392 1607 1431 a
1628 1372 1857 1433 duobus
1877 1373 2023 1433 victi
2046 1383 2203 1433 sunt.

296 1467 472 1533 Quid
499 1476 665 1527 vetet
703 1476 765 1528 te
807 1488 1069 1548 quoque,
1118 1468 1352 1541 Murce,
1393 1470 1764 1530 commissam
1806 1470 1917 1530 tibi
1954 1467 2201 1530 classem

293 1564 574 1633 retinere,
620 1572 704 1635 et,
745 1582 869 1644 qus
909 1562 1090 1644 paulo
1132 1573 1272 1625 unte
1312 1564 1647 1635 concordia,
1691 1585 1921 1625 mecum
1965 1575 2028 1625 et
2066 1586 2202 1626 cum

293 1660 510 1719 ceteris
533 1659 786 1720 consilia
809 1669 1063 1721 tractore
1089 1663 1418 1740 graviorum
1443 1660 1805 1723 conatuum?

374 1762 478 1816 42.
523 1766 542 1791 ‘
564 1754 690 1816 Cur
727 1756 882 1816 enl'm
925 1756 1115 1819 Sexto
1155 1766 1380 1818 tentum
1407 1756 1747 1830 deferimus,
1776 1766 1864 1828 ut,
1892 1759 1989 1818 cui
2031 1778 2201 1838 peres

294 1851 504 1912 heberi
547 1870 874 1933 possumus..
915 1856 1048 1932 ejus
1090 1856 1366 1934 potestati
1415 1854 1570 1914 ultro
1624 1874 1731 1915 nos
1778 1853 2203 1931 suinciamus?

298 1947 454 2007 Cum
485 1950 604 2007 sint
628 1949 780 2019 iuter
805 1970 910 2009 uos
937 1950 1129 2022 multi,
1155 1951 1258 2030 qui
1284 1970 1474 2032 neque
1501 1950 1813 2011 nobilitate
1848 1948 2201 2019 concedant,

297 2063 492 2123 neque
519 2046 686 2105 anuis
711 2056 816 2106 aut
837 2046 1225 2127 experientia.
1307 2046 1446 2105 Jsm
1471 2066 1615 2107 vero
1640 2066 1829 2105 mores
1859 2044 2199 2105 adolescen-

294 2140 370 2197 tis
397 2140 438 2199 ii
467 2150 628 2211 sunt,
655 2160 804 2221 quos
826 2143 1006 2201 etiem
1033 2143 1138 2221 qui
1163 2143 1498 2222 vituperare
1539 2141 1708 2212 nolit,
1734 2160 1937 2201 omnes
1960 2142 2202 2221 promis-

291 2254 400 2294 cue
429 2236 674 2296 minime
700 2235 906 2297 laudet
929 2237 1274 2317 probetque.
1361 2237 1693 2297 Calamitss
1732 2246 1977 2317 paterna
2000 2235 2206 2316 depre-

288 2331 507 2393 dendit
531 2333 752 2411 ingenii
777 2332 938 2393 houd
961 2334 1108 2394 moli
1131 2334 1451 2405 hominem,
1481 2333 1817 2413 priusquam
1861 2330 2097 2393 formari
2126 2332 2202 2391 ad

291 2427 528 2487 cultum
571 2447 800 2506 magnae
828 2427 1076 2488 fortunae
1103 2429 1372 2507 ingenuis
1406 2428 1617 2488 studiis
1640 2436 1854 2509 posset.
1941 2426 2118 2487 Unde
2143 2438 2205 2487 et

290 2523 555 2583 ferocior
590 2526 758 2603 justo
798 2544 924 2584 esse
964 2523 1200 2595 dicitur,
1245 2532 1306 2583 et
1351 2522 1488 2583 fidei
1537 2524 1938 2602 negligentior.
2024 2524 2203 2583 Certe

293 2610 578 2699 Pompeii
624 2618 934 2700 Bithy-uici
976 2620 1164 2680 fatum
1191 2621 1404 2680 docere
1447 2639 1554 2679 uos
1587 2618 1905 2690 debuisset,
1947 2628 2017 2679 ut
2049 2640 2199 2679 esse-

293 2734 422 2775 mus
465 2716 660 2775 miuus
700 2716 760 2775 in
802 2715 1101 2776 credendo
1140 2714 1368 2775 faciles.
1451 2714 1839 2776 Interfectum
1866 2736 2002 2775 eum
2030 2716 2203 2777 Sexti

283 2814 456 2891 jussu
484 2820 752 2871 constat:
797 2831 978 2891 quem
1003 2812 1184 2890 justis
1205 2812 1400 2871 causis
1424 2810 1713 2871 adductus
1738 2831 1871 2872 eum
1897 2811 2203 2872 interfece-

295 2910 394 2979 rit,
437 2907 664 2967 discere
709 2908 968 2967 noudum
1014 2910 1200 2988 potui.
1285 2907 1516 2967 Verum
1558 2916 1651 2968 est
1692 2908 1910 2967 multos
1950 2908 2028 2966 ad
2070 2928 2201 2967 eum

294 3003 622 3085 profugisse
646 3004 802 3062 viros
829 3002 1102 3063 illustres.
1173 3003 1368 3082 Cujus
1393 3004 1566 3081 igitur
1592 3022 1774 3082 opere
1801 3005 1889 3063 ita
1915 3004 2120 3075 utitur,
2141 3013 2206 3063 ut
2232 2984 2530 3111 ῐξέρὲξπ.

295 3120 410 3159 non
455 3099 708 3178 amplius
747 3098 972 3159 tribuat
1011 3099 1234 3159 libertis
1270 3102 1566 3179 servisque
1612 3100 1770 3159 suis?
1852 3099 1991 3159 Jsm
2028 3109 2091 3159 et
2124 3103 2203 3161 ob
2231 3129 2423 3162 cxxm.
2457 3120 2507 3161 6.

295 3216 386 3255 res
411 3214 532 3255 nou
559 3194 948 3275 amplissimos
972 3214 1198 3255 sumere
1227 3196 1438 3255 nimios
1461 3196 1724 3275 spiritus,
1749 3214 1929 3273 seque
1956 3196 2203 3255 incredi-

294 3291 498 3351 biliter
543 3290 750 3350 efferre
797 3290 1030 3351 dicitur.
1116 3290 1309 3369 Igitur
1366 3309 1643 3371 prospera
1688 3289 1855 3350 vobis
1902 3290 2201 3351 dominum

295 3387 620 3467 imponent,
647 3386 895 3448 adverse
917 3386 1161 3447 ferendo
1184 3406 1264 3447 ex
1291 3407 1462 3468 aequo
1489 3395 1677 3447 erunt.

376 3492 478 3543 43.
523 3494 542 3520 ‘
563 3482 654 3542 Tu
688 3504 852 3555 vero,
897 3485 967 3545 L.
1012 3484 1190 3559 Stati,
1235 3504 1454 3564 vosque
1497 3485 1701 3555 ceteri,
1738 3485 1953 3564 quibus
1992 3484 2200 3545 eedem

301 3599 466 3639 mens
491 3588 603 3651 est,
631 3598 809 3660 quem
833 3581 892 3641 in
919 3581 1317 3642 conditionem
1341 3602 1446 3643 vos
1469 3580 1893 3662 rempublicam
1918 3581 2201 3641 demitta-

300 3676 395 3743 tis,
415 3674 698 3736 videritis.
745 3675 900 3755 Ego,
921 3677 1110 3738 donec
1135 3678 1280 3737 mihi
1305 3678 1607 3741 consulere
1636 3686 1865 3758 potero,
1888 3696 1995 3737 nec
2010 3676 2196 3738 Pom-

299 3771 444 3849 peii,
461 3792 568 3831 nec
594 3774 942 3853 cujusquam
969 3773 1209 3835 alterius
1234 3775 1514 3855 potestati
1539 3774 1755 3834 dedere
1780 3790 1873 3833 me
1898 3775 2196 3833 constitui.

301 3865 510 3949 Cassio
566 3868 898 3949 Brutoque,
942 3871 1268 3950 propinqua
1307 3870 1659 3949 cognatione
1694 3870 1942 3947 junctis,
1984 3868 2200 3947 quibus
2259 3872 2461 3927 Sueten.

301 3962 610 4043 imperium
636 3963 984 4025 decreverat
1005 3974 1266 4036 senatus,
1295 3964 1455 4025 haud
1484 3966 1701 4025 invitus
1738 3964 1923 4043 parui.
2010 3960 2198 4023 Sexto
2226 3936 2343 3987 Ner.
2378 3944 2426 3990 ⁸·

303 4059 491 4119 emico
539 4063 757 4141 potius,
796 4080 976 4141 quem
1021 4062 1370 4140 imperatore
1415 4069 1565 4120 uter.
1652 4058 1791 4120 Nec
1834 4059 1969 4119 ideo
2012 4060 2199 4119 minus

303 4172 422 4212 rem
461 4175 828 4217 communem
871 4157 1021 4218 bene
1063 4157 1418 4226 curabimus,
1445 4175 1580 4216 cum
1623 4164 1820 4215 nostru
1861 4154 2197 4227 concordie,

304 4248 529 4313 duobus
569 4254 984 4335 potentissimis
1029 4254 1301 4327 vinculis,
1343 4273 1538 4315 amore
1579 4252 1888 4328 libertatis,
1934 4263 1997 4315 ct
2038 4264 2196 4314 metu
