3159 4959
601 422 778 487 ⁵493

1557 406 1862 481 ’rsmvn

923 578 1257 658 hospitium,
1301 572 1464 635 rudis
1507 578 1817 653 magistros
1864 581 1929 633 et
1968 570 2231 647 scholam
2282 588 2477 631 meam
2528 573 2810 651 reperisti.

927 672 1074 735 Non
1109 684 1276 753 potes
1311 673 1514 732 harum
1556 690 1747 731 rernm
1782 672 2067 739 omnium,
2103 688 2237 748 quae
2274 669 2495 727 mentio
2530 678 2717 729 totam
2752 672 2813 729 in

920 772 1104 830 vitam
1138 770 1289 829 solet
1327 788 1452 828 esse
1477 767 1909 847 jucundissima
1935 767 2125 836 bonis,
2154 765 2279 826 ulla
2307 783 2386 824 ex
2426 773 2595 843 parte
2620 786 2811 826 recor—

921 864 1072 933 dari,
1108 866 1252 943 quin
1281 863 1486 923 Rhodi
1523 863 1807 921 memoria
1840 861 2075 929 subeat,
2102 869 2281 940 atque
2318 868 2615 919 tantorum
2648 882 2811 922 com-

919 960 1224 1019 modorum
1265 960 1416 1019 hanc
1457 959 1568 1017 tibi
1612 956 1967 1035 largitricem
2006 956 2187 1017 fuisse
2226 956 2531 1032 recogites.
2615 954 2813 1035 Atqui

921 1063 1174 1114 nostram
1209 1053 1450 1133 quidem
1483 1054 1807 1113 amicitiam
1843 1072 2003 1111 nunc
2036 1070 2271 1131 quoque
2310 1052 2465 1111 tanti
2488 1072 2615 1111 esse
2642 1060 2808 1131 puto,

919 1158 988 1209 ut
1007 1169 1172 1230 spem
1199 1149 1342 1209 mihi
1367 1168 1641 1227 magnam
1669 1149 1959 1228 praebeat,
1982 1166 2119 1207 mea
2144 1167 2380 1227 quoque
2404 1168 2585 1207 causa
2607 1149 2809 1225 benig·

917 1246 1142 1305 uiorem
1189 1254 1252 1305 te
1297 1243 1554 1303 Rhodiis
1602 1244 1775 1311 forez
1848 1263 2037 1323 neque
2086 1244 2531 1303 commissurum
2580 1253 2649 1302 ut
2700 1244 2810 1303 hac

919 1347 1094 1399 aetate
1119 1339 1367 1400 duarum
1387 1359 1578 1399 rernm
1600 1338 2049 1398 tristissimamm
2070 1338 2487 1417 expectatione
2504 1336 2809 1411 conficiar,

919 1454 994 1495 ne
1019 1433 1172 1495 forte
1197 1443 1302 1495 aut
1327 1434 1552 1495 Rhodii
1577 1454 1781 1494 omnes
1792 1434 2117 1505 deleamur,
2144 1443 2249 1494 aut
2271 1434 2543 1493 vincatur
2570 1434 2811 1495 Cassius

919 1550 1101 1591 mens.
1171 1530 1336 1591 Illud
1361 1552 1500 1592 vero
1527 1551 1697 1590 omen
1726 1530 1833 1590 Dii
1861 1530 2129 1611 Demque
2152 1548 2357 1589 omnes
2382 1530 2805 1609 prohibessintl

999 1634 1099 1686 12.
1144 1636 1162 1661 ‘
1195 1626 1280 1685 Et
1321 1625 1558 1704 qnando
1602 1646 1695 1685 me
1743 1625 2005 1685 Deorum
2048 1626 2360 1685 admonuit
2398 1626 2527 1685 haec
2570 1627 2810 1695 mentio,

921 1723 1192 1802 precibus
1215 1722 1359 1781 meis
1379 1742 1472 1780 me
1498 1721 1811 1781 consilium
1832 1722 2011 1781 etiam
2038 1720 2280 1792 addere,
2307 1740 2425 1781 non
2452 1740 2605 1798 aegre
2639 1720 2810 1782 feres.

925 1817 1183 1879 Deorum
1215 1818 1476 1879 maxime
1503 1820 1753 1895 gratiam
1786 1816 2113 1897 parandam
2148 1836 2273 1877 esse
2306 1835 2525 1895 magna
2560 1826 2623 1875 et
2660 1837 2810 1896 prae·

919 1912 1084 1973 clara
1131 1913 1508 1973 molientibus
1551 1934 1779 1992 semper
1830 1912 2129 1971 admonui.
2214 1910 2403 1972 Nune
2444 1932 2587 1972 vero
2630 1913 2809 1973 etiam

919 2008 1306 2085 singulariter,
1335 2029 1440 2087 pro
1481 2008 1753 2067 libertate
1793 2006 2055 2067 Romani
2082 2007 2329 2067 nominis
2354 2014 2521 2067 tanta
2544 2016 2811 2087 ‹neptan-

919 2112 1038 2162 tem
1065 2104 1264 2164 hortor
1289 2113 1468 2181 atque
1494 2123 1621 2171 oro,
1662 2113 1730 2162 ut
1756 2112 1893 2163 ante
1927 2103 2131 2162 omnia
2162 2120 2445 2163 sumam
2466 2104 2579 2163 tibi
2606 2104 2809 2163 horum

919 2197 1254 2258 habendam
1271 2218 1396 2257 esse
1417 2198 1700 2258 rationem
1726 2206 1913 2277 putes.
2000 2197 2124 2257 His
2146 2199 2503 2267 auctoribus,
2528 2198 2675 2257 nihii
2696 2218 2810 2257 non

919 2312 1194 2372 prospere
1213 2293 1390 2353 cedet
1413 2313 1428 2351 :
1472 2293 1566 2352 his
1587 2293 2061 2361 adversantibus,
2086 2312 2297 2372 parum
2322 2293 2437 2352 erit
2461 2294 2521 2351 in
2544 2294 2813 2371 quantis-

920 2387 1066 2447 libet
1109 2390 1390 2469 praesidiis
1433 2392 1578 2467 epei-
1667 2390 1947 2449 Ceterum
1994 2398 2129 2449 ante
2188 2410 2409 2469 paucos
2452 2390 2561 2449 hos
2606 2410 2809 2461 annos,

918 2502 1052 2542 cnm
1073 2503 1150 2542 ex
1171 2484 1518 2542 auctoritate
1541 2483 1795 2541 Cmaris
1818 2482 2005 2543 foedns
2018 2484 2317 2544 nobiscum
2336 2494 2679 2546 renovatum
2696 2494 2809 2558 est,

909 2578 1100 2655 jurati
1133 2578 1376 2637 dextras
1410 2577 1722 2656 accepistis
1754 2576 2131 2657 dedistisque.
2216 2578 2313 2639 Ea
2336 2578 2504 2650 fides,
2530 2600 2601 2639 ea
2624 2579 2807 2639 foede-

921 2693 1050 2732 rum
1093 2672 1302 2751 religio
1343 2692 1587 2731 summae
1624 2673 1953 2732 hominibus
1991 2694 2149 2733 curae
2188 2696 2319 2735 esse
2356 2676 2557 2746 debet,
2600 2685 2663 2734 et
2703 2678 2809 2755 qui

920 2768 1082 2849 apud
1125 2769 1486 2828 immortales
1527 2768 1693 2828 Deos
1723 2768 1971 2849 adipisci
1996 2771 2247 2849 gratiam
2280 2771 2601 2851 pomulant,
2623 2780 2687 2831 et
2706 2774 2809 2851 qni

920 2866 1170 2924 retinere
1193 2866 1411 2924 bonam
1437 2866 1589 2924 inter
1615 2865 1877 2924 homiues
1912 2864 2131 2925 famam
2155 2886 2170 2925 :
2209 2876 2280 2926 ut
2302 2865 2379 2926 de
2402 2867 2660 2927 utilitate
2674 2868 2808 2945 jam

919 2970 1172 3032 taceam,
1199 2980 1332 3039 quae
1361 2970 1660 3020 servantes
1686 2970 1989 3040 pactorum
2018 2971 2197 3040 atque
2236 2961 2516 3021 soederum
2540 2963 2695 3023 ultro
2718 2984 2807 3023 se-

919 3057 1135 3135 quitur.
1218 3055 1387 3115 Nam
1415 3065 1476 3115 et
1501 3076 1637 3115 cum
1664 3056 1753 3113 his
1791 3056 2167 3136 cupidissime
2199 3060 2465 3135 jungunt
2486 3058 2807 3118 amicitiam

923 3151 1270 3231 prudentesz
1333 3160 1398 3211 et
1441 3152 1596 3211 banc
1644 3152 1931 3221 deserere,
1976 3154 2413 3231 quantumlibet
2462 3155 2805 3213 necessitate

921 3248 1122 3327 prwi,
1151 3248 1636 3308 verecundantur.
1724 3248 1813 3308 At
1842 3268 2089 3327 quorum
2128 3260 2399 3328 suspecta
2434 3260 2539 3309 aut
2577 3250 2807 3309 credita

920 3342 1133 3402 levitas
1157 3354 1268 3412 est,
1307 3364 1408 3403 eos
1445 3354 1506 3403 et
1543 3345 1621 3403 ab
1649 3344 1781 3404 aliis
1812 3344 1946 3404 falli
1974 3364 2085 3404 nec
2119 3345 2443 3405 admiratur
2464 3348 2802 3425 quisquam,

919 3456 1030 3497 nec
1053 3438 1339 3499 irascitur.
1424 3439 1587 3499 Hoec
1616 3449 1813 3499 autem
1848 3460 1984 3501 cum
2010 3442 2189 3501 etiam
2214 3444 2365 3501 inter
2390 3442 2806 3502 infensissimos

917 3536 1114 3595 hostes
1155 3537 1420 3595 obtinere
1463 3536 1747 3606 debeant,
1792 3546 2017 3617 quanto
2060 3538 2247 3616 magis
2292 3538 2621 3618 proestanda
2668 3547 2806 3598 sunt

919 3632 1144 3703 amicis,
1183 3633 1531 3712 hospitibus,
1573 3632 1868 3693 alumnis?
1910 3632 2057 3693 Non
2102 3654 2333 3715 possim
2374 3633 2545 3715 plura
2566 3653 2689 3713 proe
2714 3634 2803 3693 la-

915 3728 1129 3807 crymis
1179 3728 1363 3807 loqui.
1447 3729 1569 3789 Sed
1615 3750 1805 3809 neque
1856 3732 2164 3790 verborum
2220 3732 2409 3808 magis
2458 3730 2572 3790 hoc
2624 3750 2805 3810 quam

916 3824 1153 3904 pietatis
1176 3846 1324 3905 opus
1342 3834 1468 3884 est:
1512 3836 1574 3885 et
1596 3827 1645 3884 si
1660 3827 1787 3886 haec
1802 3835 2171 3887 contemnere
2190 3830 2427 3909 poteris,
2442 3844 2805 3907 supervacua

915 3922 1102 3980 omnis
1127 3930 1216 3981 est
1239 3922 1465 3981 oratio:
1505 3940 1699 4001 neque
1742 3924 1897 3983 enim
1932 3943 2227 3996 moveare,
2272 3924 2505 3985 tametsi
2551 3922 2805 4003 plurima

915 4026 979 4075 et
1001 4018 1340 4095 gravissima
1365 4018 1779 4099 proferantur!

1002 4118 1096 4170 18.
1141 4113 1301 4172 Haec
1328 4115 1493 4193 largo
1517 4134 1652 4175 cum
1676 4114 1819 4175 fletu
1858 4115 2193 4194 prolocutus
2224 4114 2436 4183 senior,
2464 4113 2617 4173 adeo
2640 4133 2801 4173 com·

919 4208 1104 4267 mvit
1153 4207 1446 4281 Cassium,
1500 4220 1566 4269 nt
1621 4232 1747 4291 prae
1798 4210 2149 4271 verecundia
2202 4208 2463 4269 colorem
2534 4217 2803 4269 mutaret.
