3159 4959
555 410 731 477 5812
1514 430 1581 477 τ.
1632 430 1820 477 mvn

962 580 1063 633 89.
1106 583 1123 607 ‘
1153 571 1304 631 Cum
1338 572 1451 631 hoc
1486 574 1642 631 enim
1677 572 1838 633 facto
1873 572 2007 651 quis
2035 581 2140 631 aut
2165 570 2432 631 Galliam
2465 574 2776 633 subactam

882 678 1204 748 comparet,
1244 677 1347 727 aut
1394 668 1604 747 Mysos
1639 668 2068 749 AEgyptiosque
2109 668 2388 739 domitoS,
2433 670 2778 749 imperiique

886 765 1035 825 fines
1071 786 1185 825 non
1216 766 1417 825 Rheni
1452 764 1709 835 fluentis,
1739 786 1853 825 non
1883 764 2046 835 Istri,
2078 786 2152 824 ne
2175 766 2380 825 oceani
2405 766 2644 845 quidem
2669 768 2780 825 ob-

875 865 1044 940 jectu
1070 862 1397 923 coercitos?
1481 862 1702 921 Fateor
1727 862 1854 921 haec
1873 860 2144 941 equidem
2165 871 2335 921 tanta
2359 883 2508 931 eme,
2533 870 2602 921 ut
2625 863 2780 921 anti·

884 978 1131 1037 quorum
1162 958 1407 1035 gloriam
1444 957 1604 1017 haud
1631 957 1812 1016 dubie
1839 957 2121 1017 vincant:
2165 978 2240 1017 ea
2268 968 2467 1017 tamen
2493 958 2630 1017 huic
2655 978 2782 1016 mo-

886 1054 1091 1112 destiae
1132 1063 1347 1113 nostrae
1398 1052 1734 1131 longissime
1777 1052 1986 1113 cedere
2035 1052 2266 1131 judico,
2351 1052 2466 1113 Cui
2508 1053 2784 1132 equidem

888 1170 996 1208 nec
1030 1149 1238 1209 civilia
1268 1149 1431 1209 bella
1460 1148 1724 1220 confero,
1751 1169 1887 1208 cum
1912 1168 1991 1208 ex
2019 1149 2154 1209 aliis
2181 1150 2302 1209 alia
2329 1168 2543 1227 magno
2569 1159 2786 1209 terrore

886 1254 1209 1323 surgerent,
1256 1247 1343 1304 ita
1382 1244 1632 1305 feliciter
1673 1244 1968 1315 confecta,
2005 1245 2428 1332 victoriamque
2469 1244 2788 1305 clementia

888 1351 1299 1421 temperatam,
1336 1350 1407 1401 ut
1442 1342 1590 1401 nibil
1623 1350 1727 1401 aut
1762 1342 2124 1401 constantius
2155 1352 2260 1401 aut
2291 1341 2500 1400 melius
2540 1342 2600 1400 in
2625 1344 2786 1420 ejus·

891 1438 1050 1498 modi
1084 1449 1343 1518 tempore
1384 1460 1459 1499 ne
1500 1448 1704 1519 optare
1740 1438 1977 1519 quidem
2014 1438 2213 1499 liceat.
2301 1438 2506 1499 Unum
2532 1439 2646 1499 boc
2671 1460 2788 1499 non

892 1554 1109 1593 morem
1162 1534 1361 1605 modo,
1411 1555 1612 1595 verum
1657 1536 1836 1593 etiam
1881 1536 2176 1612 ingenium
2218 1536 2534 1594 humanum
2590 1534 2792 1613 egredi

892 1634 1012 1701 aio,
1029 1631 1191 1710 quod
1206 1631 1326 1690 duo
1346 1631 1635 1701 Caesares,
1656 1650 1792 1689 cum
1814 1650 2112 1710 possemus
2131 1632 2418 1712 imperare
2441 1630 2796 1702 nolentibus,

893 1728 1071 1787 etiam
1116 1725 1449 1785 volentibus
1494 1727 1782 1806 imperare
1833 1724 2142 1786 noluimus.
2227 1726 2298 1785 Si
2350 1726 2524 1804 igitur
2567 1727 2798 1805 magnis

896 1824 1107 1883 animis
1131 1830 1193 1881 et
1216 1842 1479 1901 quaerere
1504 1820 1775 1901 gloriam,
1796 1830 1858 1880 et
1881 1822 1970 1881 uti
1996 1823 2242 1901 quoesita
2261 1822 2623 1892 conceditur,
2649 1821 2797 1901 quid

898 1929 990 1980 est
1023 1920 1183 1999 quod
1218 1918 1361 1977 mihi
1396 1927 1674 1999 pra-,stare
1711 1918 2038 1979 mortalitas
2077 1918 2445 2001 splendidius
2479 1918 2795 1979 celebrius-

898 2036 1015 2096 que
1040 2016 1261 2095 possit?
1346 2015 1439 2075 Ut
1462 2017 1618 2075 enim
1643 2014 1720 2077 de
1746 2024 1914 2095 patre
1951 2015 2181 2086 sileam,
2209 2016 2341 2094 quis
2365 2015 2542 2075 animi
2571 2014 2796 2093 magni-

900 2111 1103 2171 tudine
1128 2111 1480 2171 contendere
1508 2131 1738 2172 mecum
1765 2112 1939 2183 ausit,
1966 2113 2070 2191 qui
2109 2120 2284 2171 tanta
2317 2132 2508 2171 rerum
2535 2112 2798 2171 omnium

904 2207 1164 2277 licentia,
1210 2218 1301 2268 tot
1354 2217 1659 2279 terrarum,
1713 2216 1804 2269 tot
1849 2208 2096 2268 marium
2149 2208 2412 2288 imperio,
2459 2206 2802 2268 firmissimis

903 2306 1281 2375 exercitibus,
1310 2307 1553 2366 immota
1574 2304 1737 2365 domi
1763 2324 1935 2386 pace,
1957 2304 2168 2364 studiis
2188 2324 2516 2385 procerum,
2543 2306 2800 2363 benevo-

908 2404 1090 2463 lentia
1133 2402 1361 2483 populi,
1402 2404 1583 2462 tantis
1619 2402 1832 2482 opibus
1871 2399 2086 2482 cupide
2123 2420 2384 2473 caream,
2421 2402 2704 2480 majorem
2738 2400 2800 2460 in

908 2500 1255 2579 memetipso
1280 2498 1424 2557 mihi
1450 2498 1794 2558 felicitatem
1821 2518 1946 2557 esse
1971 2497 2286 2577 repositam
2311 2496 2603 2555 sentiens?
2661 2495 2804 2554 Fuit

911 2596 1052 2654 mihi
1097 2614 1231 2653 cum
1274 2594 1628 2672 quibusdam
1679 2595 2035 2674 superiorum
2081 2602 2408 2673 temporum
2445 2591 2622 2653 claris
2661 2592 2804 2651 viris

914 2692 1159 2749 honesta
1194 2692 1534 2749 contentio:
1578 2710 1688 2749 nec
1727 2690 1970 2768 dignum
2007 2690 2098 2750 his
2129 2690 2512 2770 temporibus,
2547 2707 2683 2768 quae
2709 2707 2802 2748 me

912 2786 1267 2863 genuissent,
1296 2806 1403 2844 nec
1428 2787 1736 2845 honestum
1763 2786 1985 2845 nomini
2013 2786 2292 2845 Romano
2315 2784 2562 2855 credidi,
2587 2786 2636 2843 si
2661 2784 2805 2843 olim

914 2880 1153 2959 quidem
1194 2880 1507 2951 Horatios,
1548 2880 1798 2951 Mutios,
1831 2881 2094 2953 Curtios,
2124 2880 2531 2959 Regulosque,
2569 2900 2642 2939 ac
2680 2878 2805 2939 De-

914 2979 1059 3048 cios,
1087 2978 1408 3057 horumque
1446 2978 1668 3037 similes
1705 2978 2038 3058 respublica
2065 2988 2264 3037 nostra
2289 2977 2612 3059 producere
2635 2986 2806 3059 potu·

914 3076 1086 3143 isset:
1130 3093 1283 3133 nunc
1309 3072 1470 3133 velut
1494 3074 1693 3134 effoeta
1709 3074 1895 3145 senio,
1921 3084 1985 3134 et
2011 3074 2190 3134 nullis
2216 3074 2292 3134 ad
2319 3072 2574 3133 nobilem
2603 3074 2809 3132 nixum

916 3171 1159 3244 viribus,
1188 3171 1337 3231 nihil
1362 3171 1619 3251 proferre
1645 3191 1814 3252 posse
1842 3172 2145 3251 pristinam
2171 3172 2420 3250 gloriam
2443 3170 2664 3230 decens
2685 3188 2812 3229 ere-

916 3266 1169 3327 deretur.

998 3370 1100 3423 90.
1144 3374 1161 3397 ‘
1189 3363 1281 3421 Ut
1306 3372 1501 3422 tamen
1528 3384 1623 3422 me
1662 3382 1778 3423 non
1807 3363 2062 3440 abjicere
2093 3361 2430 3441 reipublicae
2457 3382 2682 3433 curan,
2709 3360 2816 3421 sed

922 3478 1133 3538 ponere
1160 3468 1495 3537 appareret,
1534 3480 1652 3520 non
1689 3460 1776 3518 ita
1804 3458 2078 3519 festinavi
2101 3456 2414 3529 decedere,
2443 3468 2512 3517 ut
2536 3458 2819 3539 improbis

921 3554 1252 3613 hominibus
1294 3555 1638 3634 rapiendam
1673 3563 2020 3636 potestatem
2065 3554 2122 3613 in
2167 3554 2364 3614 medio
2403 3555 2814 3633 relinquerem.

922 3650 1117 3710 Vobis
1144 3650 1269 3721 illa,
1299 3658 1495 3729 patres
1533 3652 1874 3732 conscripti,
1896 3651 2065 3710 vobis
2099 3649 2490 3711 destinatione
2517 3670 2650 3711 mea
2673 3670 2814 3711 con·

920 3747 1170 3825 silioque
1208 3746 1481 3817 traditur,
1519 3767 1668 3826 quos
1704 3748 1918 3807 virtute
1947 3756 2125 3825 atque
2151 3748 2440 3826 sapientia
2464 3749 2674 3807 ceteris
2707 3766 2816 3807 ex·-

920 3842 1135 3903 cellere
1155 3843 1424 3920 cognovi.
1509 3842 1872 3922 Priusquam
1899 3841 2053 3901 enim
2077 3842 2406 3901 insanorum
2426 3843 2722 3902 hominum
2741 3841 2818 3901 li-

922 3940 1138 4009 centia,
1164 3958 1343 4017 quam
1363 3947 1455 3999 tot
1474 3938 1778 3999 laboribus
1790 3940 1894 3998 vix
1911 3938 2136 4019 depuli,
2149 3959 2270 3999 rem
2288 3938 2628 3999 Romanam
2643 3936 2822 4018 diripi

925 4034 1295 4115 convellique
1333 4044 1583 4115 paterer,
1615 4044 1718 4095 aut
1753 4035 1968 4097 millies
1993 4056 2265 4105 morerer,
2293 4046 2419 4109 aut,
2447 4036 2607 4117 quod
2633 4036 2824 4095 minus

926 4133 1105 4191 etiam
1132 4132 1453 4211 optandum
1500 4141 1665 4212 puto,
1701 4144 1986 4215 perpetuo
2021 4135 2388 4214 imperarem.
2470 4133 2606 4195 Vos
2641 4134 2822 4212 iginu-

928 4229 1041 4286 hoc
1068 4248 1105 4287 a
1140 4248 1233 4287 me
1272 4227 1618 4288 translatum
1651 4250 1816 4302 onus,
1851 4241 1916 4289 ut
1952 4232 2120 4290 bonis
2144 4232 2373 4293 civibus
2397 4240 2458 4290 et
2480 4230 2820 4313 reipublice

930 4322 1205 4383 studiosis
1229 4322 1469 4400 dignum
1494 4333 1602 4395 est,
1629 4324 1886 4405 excipite
1909 4346 1925 4395 ;
1951 4326 2207 4409 mihique
2232 4328 2388 4387 hanc
2407 4327 2640 4387 veniam
2657 4326 2821 4399 date,
