3159 4959
892 430 1093 479 unm
1145 430 1487 481 cxxxvi.
1534 430 2182 487 surranum-uu.
2464 414 2637 481 5863

414 573 747 645 saeculsres,
774 574 898 633 sive
920 572 993 634 L.
1019 572 1365 643 Censorino,
1397 572 1489 633 Μ.
1516 572 1774 633 Manilio
1799 570 2158 641 consulibus,
2185 573 2307 631 sive
2331 585 2642 637 Plin.v11.⁴8.

416 671 670 731 triennio
696 652 849 749 post,
870 669 1151 729 celebrati
1178 664 1433 739 fuerant,
1462 690 1598 729 nam
1625 670 1774 729 inter
1793 678 2064 729 auctores
2087 668 2310 727 dissen-
2337 652 2636 764 δῗῗῗὲὲὲξῑ

415 767 577 837 titur,
604 769 841 827 circiter
864 775 1099 825 centum
1126 766 1368 844 triginta
1405 767 1543 825 anni
1565 768 1904 825 intererant.
1989 762 2111 823 Sed
2137 766 2311 842 quin·
2335 777 2397 827 de
2434 779 2532 827 Die

412 860 865 921 decimvirorum
892 861 1221 939 diligentiae
1246 860 1556 930 creditum,
1586 860 1688 939 qui
1714 880 1789 918 ex
1815 858 2128 940 Sibyllinis
2149 858 2314 929 libris
2335 842 2450 892 Mt·
2476 848 2556 892 ¹⁷·

412 966 645 1035 tempus
695 955 967 1015 ludorum
1010 955 1533 1033 investigaverant,
1580 955 1724 1013 ritus
1763 954 2078 1013 eorundem
2123 974 2309 1033 expo·

412 1061 587 1111 nente
636 1051 825 1111 Ateio
865 1050 1189 1129 Capitone,
1224 1050 1329 1128 qui
1370 1057 1493 1108 tum
1537 1048 1726 1108 divini
1775 1049 2130 1127 humanique
2155 1050 2312 1127 juris
2368 1052 2545 1102 zosim.
2569 1070 2634 1104 11.

409 1147 876 1207 consultissimus
920 1146 1269 1204 habebatur.
1348 1128 1738 1203 ¹Praefuerunt
1769 1126 2030 1221 'magistri
2063 1144 2309 1222 qninde‘·
2333 1114 2432 1163 'rac
2466 1117 2600 1166 ΑΜ·

409 1242 719 1302 cimvirum
752 1241 937 1299 sacris
972 1239 1279 1310 faciendis,
1320 1237 1477 1319 Imp.
1505 1239 1712 1299 Caesar
1745 1238 1826 1298 D.
1873 1238 1944 1298 F.
1975 1185 2631 1317 Augustus‚'¹13;l›⁷gsspit.

414 1335 490 1394 c,
514 1335 758 1395 sentius
778 1333 941 1393 c.1‹'.
968 1333 1045 1392 c,
1066 1332 1157 1393 N.
1181 1331 1553 1403 saturninus,
1575 1334 1670 1394 M.
1696 1333 1986 1393 claudius
1998 1334 2090 1393 M.
2119 1333 2188 1391 F.
2215 1334 2306 1393 M.
2332 1308 2634 1421 “g‘ssdmsffiss

413 1430 505 1489 N.
536 1429 885 1499 Marcellus,
914 1428 1007 1489 M.
1038 1428 1245 1487 Fufius
1270 1428 1365 1489 M.
1408 1428 1477 1488 F.
1509 1428 1731 1507 strigo,
1761 1428 1843 1489 D.
1873 1429 2092 1488 Lanu„
2121 1429 2202 1488 D.
2235 1430 2305 1489 F.
2333 1435 2386 1511 ³¹¹.
2408 1434 2538 1485 ιω..
2561 1406 2636 1484 02·

418 1524 501 1587 D.
543 1524 632 1584 N.
668 1524 919 1585 Balbus,
1004 1525 1277 1583 Zosimus
1303 1522 1555 1583 Groecns
1583 1534 1812 1593 auctor,
1851 1525 1922 1583 L.
1960 1526 2308 1595 Censorino,
2332 1498 2620 1612 {glizmAnn

414 1620 489 1679 C.
520 1620 745 1681 Sabino
768 1616 1109 1679 consulibu's
1134 1618 1307 1679 ludos
1328 1620 1647 1679 saeculares
1672 1628 1834 1679 actos
1857 1631 2074 1679 narrat.
2161 1619 2240 1679 Id
2260 1622 2310 1679 si

410 1736 613 1775 verum
636 1726 749 1785 est,
778 1716 1009 1775 suffecti
1048 1715 1265 1777 fuerint
1297 1724 1563 1795 oportet:
1609 1735 1745 1776 nam
1772 1736 1881 1775 uec
1907 1736 2015 1795 par
2039 1716 2188 1775 illud
2219 1718 2306 1775 in-

407 1820 499 1871 ter
526 1814 777 1889 majores
804 1812 1099 1882 consules,
1126 1812 1229 1889 qui
1264 1830 1474 1871 nomen
1510 1830 1667 1871 anno
1706 1810 1954 1878 dabant,
1983 1812 2242 1889 reperias
2263 1820 2303 1869 :⁸

408 1916 471 1965 et
494 1908 607 1966 hoe
634 1907 875 1986 quidem
902 1927 1059 1969 anno
1100 1907 1289 1966 factos
1324 1924 1403 1965 ex
1442 1908 1762 1986 priscorum
1801 1915 2304 1966 monumentorum
2365 1920 2615 1973 censorin.

328 2067 339 2081 ι
406 2001 527 2062 fide
554 2005 696 2062 satis
721 2013 974 2063 constat.
1060 2002 1185 2061 His
1202 2002 1359 2061 ludis
1386 2001 1648 2079 Augusti
1670 2003 1842 2079 jussu
1868 2001 2150 2060 saeculsre
2176 2022 2306 2061 car-
2333 1984 2450 2095 {³⁰⁰
2511 1986 2628 2036 '¹⁹²⁰-

406 2118 541 2157 men
572 2098 865 2157 Horatius
892 2104 1068 2177 poeta
1092 2095 1379 2156 condidit.
1452 2095 1666 2155 Ullum
1695 2116 1768 2155 eo
1790 2106 2050 2173 tempore
2071 2106 2305 2155 noctur·
2367 2056 2632 2161 ιινιίηιᾉῃῄᾎζ

408 2212 546 2251 num
572 2193 972 2272 spectaculum
1001 2213 1039 2252 a
1055 2192 1381 2270 juvenibus
1414 2193 1716 2269 utriusque
1751 2210 1928 2253 sexus
1951 2190 2307 2271 frequentari
2331 2178 2459 2239 apud
2482 2178 2616 2226 Suet.

411 2288 715 2367 prohibuit
762 2291 987 2357 Caesar,
1034 2289 1145 2347 nisi
1191 2306 1327 2347 cum
1361 2287 1562 2367 aliquo
1609 2288 1832 2365 majore
1885 2296 2028 2347 natu
2069 2291 2304 2367 propin·
2331 2242 2566 2367 Asuugetffi..

356 2423 363 2429 -
408 2402 678 2461 quorum.
2194 2450 2204 2461 ,

398 2512 408 2517 -
487 2485 589 2539 47.
630 2477 783 2537 Tum
816 2498 1051 2558 quoque
1079 2478 1410 2539 Germanos
1434 2478 1714 2539 vindictae
1741 2480 1926 2557 magis
1959 2498 2136 2557 quam
2162 2499 2302 2538 cau·

406 2573 555 2631 tioni
589 2573 843 2633 intentos
878 2573 971 2633 M.
1002 2572 1229 2633 Lollius
1262 2574 1493 2652 legatus
1528 2574 1784 2633 Caesaris
1807 2575 2192 2635 circumvenit
2216 2575 2300 2632 in·
2327 2580 2630 2646 suhobaeq.

402 2668 591 2739 sidiis,
618 2672 901 2747 gravique
938 2669 1109 2728 clade
1146 2670 1407 2729 vexavit.
1492 2670 1586 2727 At
1619 2671 1678 2729 in
1708 2669 1877 2729 Urbe
1899 2668 2051 2746 legis
2077 2668 2304 2729 Cinciae
2359 2677 2474 2727 Tac.
2493 2678 2626 2726 Anu.

402 2772 604 2843 caput,
650 2783 723 2822 ne
768 2766 902 2843 quis
945 2766 1023 2823 ob
1062 2784 1303 2825 causam
1344 2765 1624 2841 orandam
1664 2766 1974 2844 pecuniam
2014 2764 2304 2825 donumve
2331 2756 2407 2791 κ’·
2425 2750 2474 2792 ⁵·

404 2860 680 2937 accipiat,
722 2861 983 2919 revocari
1036 2859 1295 2939 placuit3
1354 2860 1581 2929 addito,
1627 2870 1694 2919 ut
1738 2858 2130 2939 quadruplum
2173 2880 2302 2939 per-

403 2952 631 3023 derent,
668 2955 772 3032 qui
812 2956 1212 3034 accepissent:
1246 2955 1507 3033 judices,
1544 2957 1604 3013 in
1649 2976 1824 3034 quem
1861 2974 2076 3014 annum
2115 2957 2303 3014 sortiti
2329 2970 2442 3018 Dio.

404 3058 617 3118 essent,
644 3048 849 3107 domos
886 3048 1243 3126 litigantium
1270 3068 1385 3108 non
1413 3048 1676 3127 ingredi:
1718 3050 2086 3110 senatoribus
2123 3050 2302 3109 etiam

404 3143 865 3223 infrequentibus
890 3146 1090 3223 augeri
1118 3144 1422 3215 mulctam,
1448 3153 1507 3203 et
1534 3146 1638 3223 qui
1665 3145 1787 3205 sine
1813 3144 2106 3225 probabili
2125 3166 2306 3205 causa

402 3240 461 3298 in
489 3241 711 3300 curiam
738 3241 921 3300 serius
946 3242 1345 3300 woefflissent.
1606 3242 1612 3247 ’

482 3343 585 3394 48.
630 3335 699 3393 L.
736 3335 1004 3395 Domitio
1047 3336 1164 3395 Cn.
1212 3334 1283 3394 F.
1327 3336 1397 3394 L.
1438 3334 1527 3395 N.
1567 3335 1997 3406 Ahenobarbo,
2037 3337 2120 3396 P.
2154 3338 2303 3397 Cor·

404 3430 559 3489 nelio
601 3430 682 3489 P.
706 3431 777 3490 F.
808 3430 889 3492 P.
925 3430 1013 3489 N.
1055 3432 1333 3511 Scipione
1368 3431 1766 3502 consulibus,*
1801 3432 1860 3489 in
1897 3430 2133 3492 Gallias
2165 3454 2300 3513 pro-

403 3524 661 3585 fecturus
710 3527 931 3597 Caesar‚
980 3526 1265 3606 templum
1317 3528 1557 3594 Quirini
1609 3527 1896 3587 refectum
1943 3549 1982 3586 a
2031 3550 2093 3587 se
2137 3526 2301 3589 dedi·

403 3621 605 3687 cavit;
652 3622 711 3679 in
753 3642 895 3699 quo,
932 3643 1067 3682 cum
1106 3642 1212 3682 sex
1255 3632 1317 3681 et
1366 3624 1741 3702 septuaginta
1777 3622 2082 3682 columnas
2119 3646 2297 3703 posu-

404 3715 563 3783 is'set,
605 3724 913 3793 postquam
958 3716 1205 3776 totidem
1254 3737 1439 3777 annos
1478 3718 1736 3777 vivendo
1775 3717 2141 3796 expleverat,
2181 3739 2297 3779 non

404 3819 623 3869 temere
669 3808 877 3869 fecisse
922 3810 1290 3870 existimatus
1329 3822 1438 3871 est.
1542 3810 1700 3871 Inde
1749 3831 1852 3891 per
1891 3810 2194 3872 Tiberium
2239 3824 2302 3873 et

469 4035 489 4060 ⁸
522 4028 654 4075 Num
686 4038 771 4074 nec
800 4038 889 4085 pur
921 4026 1041 4073 illud
1075 4024 1201 4073 inter
1228 4038 1327 4073 m·
1380 4036 1567 4085 nempe
1592 4037 1656 4071 eo
1678 4038 1810 4072 anno
1833 4038 1980 4088 quem
2011 4039 2102 4073 nos
2125 4040 2297 4076 nume-

394 4092 524 4151 ,ᾖον-ιε
546 4092 757 4139 caumes
783 4124 795 4136 .
815 4120 829 4134 .
848 4122 861 4139 .
888 4088 1123 4150 reperias]
1162 4088 1327 4149 Repe·
1382 4102 1549 4135 remus
1571 4091 1690 4137 713.
1713 4088 1780 4136 ab
1803 4089 1868 4137 U.
1893 4089 1954 4139 C.
1993 4090 2132 4139 Creu.
2271 4142 2278 4149 ,

408 4158 539 4205 ritnr
568 4154 796 4218 quidem,
824 4154 913 4201 sed
948 4154 1119 4202 alieno
1154 4154 1327 4214 plane,
1442 4152 1472 4181 ⁸
1520 4153 1583 4200 Α.
1611 4152 1674 4200 U.
1701 4152 1762 4203 C.
1787 4156 1904 4203 ⁷36.
1969 4152 2035 4201 A.
2060 4156 2118 4203 C.
2137 4158 2216 4203 16.

410 4222 452 4267 si
488 4222 579 4268 bos
622 4221 767 4268 ludos
809 4230 1033 4281 spectes,
1072 4228 1327 4279 tempore,
