3159 4959
837 412 1061 463 :nrum
1111 414 1390 463 cxxvi.
1433 410 1993 465 surrnamsuru
2008 417 2083 463 u.
2402 400 2579 465 5573

355 556 530 619 Nam
575 566 639 619 et
681 554 894 638 Lycios
927 558 1214 617 immunes
1255 578 1406 629 esse,
1451 556 1883 637 Xanthumque
1928 558 2255 618 instaurare

342 656 567 732 jussit:
609 662 672 713 et
697 652 954 714 Rhodiis
978 654 1256 715 Andrum
1294 654 1485 726 dedit,
1523 654 1869 734 'renumque
1892 674 2027 715 cum
2060 654 2255 715 Naxo

353 760 418 809 et
439 748 700 829 Myndo,
743 769 894 830 quas
931 758 1128 810 tamen
1164 750 1346 831 paulo
1389 760 1524 831 post
1551 752 1761 810 iterum
1802 749 2041 821 ademit,
2079 752 2251 831 quasi

354 845 558 906 durius
605 848 1052 927 imperantibus.
1149 846 1466 909 Transiens
1501 847 1717 908 deinde
1770 868 1871 928 per
1914 848 2250 928 Phrygiam

355 942 756 1022 Mysiamque,
813 952 898 1014 et,
947 944 1184 1005 tributis
1233 944 1456 1024 ubique
1505 946 1783 1023 gravibus
1834 946 2145 1024 imponitis,
2186 948 2247 1004 in

355 1037 706 1120 Bithyniam
733 1040 916 1111 venit,
955 1041 1374 1120 provinciaque
1399 1044 1478 1101 ab
1505 1040 1797 1122 Apuleio,
1822 1061 1995 1120 quem
2028 1040 2251 1101 Brutus
2304 1054 2518 1131 ..Appiam

351 1136 720 1214 praefecerat,
769 1146 1060 1215 accepta,
1091 1138 1278 1217 ipsum
1339 1137 1562 1197 exemit
1610 1137 1829 1217 culpae,
1882 1136 2247 1217 reditumque
2272 1119 2460 1247 ¹3¹2!ss
2494 1136 2567 1170 'V’

351 1234 661 1293 concessit.

436 1337 494 1389 5.
541 1327 838 1408 Hyrcano
863 1327 1206 1389 Judaeorum
1246 1330 1523 1410 principi,
1545 1350 1655 1389 suo
1696 1340 1759 1390 et
1792 1332 1987 1409 gentis
2011 1329 2247 1388 nomine
2301 1347 2503 1411 Joseph.

353 1444 636 1484 eoronam
679 1443 918 1485 auream
963 1425 1246 1495 mittenti,
1289 1427 1597 1505 orantique
1640 1436 1707 1485 ut
1750 1446 1789 1485 a
1831 1426 2040 1485 Cassio
2081 1425 2243 1505 capti
2268 1410 2438 1477 Antiq.
2458 1428 2569 1462 ω·

349 1521 627 1580 servitute
651 1522 1069 1590 eximerentur,
1094 1520 1410 1581 clementer
1435 1522 1755 1603 respondit,
1780 1522 1939 1583 datis
1960 1524 2141 1583 etiam
2165 1522 2243 1581 ad
2268 1480 2351 1525 π’
2488 1520 2499 1529 ’

350 1615 586 1697 Tyrios,
624 1616 1040 1697 sidoniosque,
1072 1626 1136 1677 et
1168 1616 1601 1689 Antiochenos,
1638 1628 1705 1679 et
1737 1619 2001 1679 Aradios
2036 1616 2242 1688 literis,

352 1723 421 1773 ut
445 1712 648 1774 ablata
663 1712 890 1773 Judaeis
903 1734 1172 1795 corpora,
1199 1715 1378 1785 bona,
1406 1715 1541 1775 loca
1565 1717 2023 1777 restituerentur.
2088 1714 2243 1774 Inde

354 1809 759 1888 Gassograecos
775 1818 839 1869 et
855 1809 1250 1891 Cappadocas
1265 1810 1436 1882 adiit,
1453 1811 1693 1872 Planco
1704 1812 2062 1873 demandata
2076 1810 2245 1869 Asiae
2304 1800 2515 1875 appion.

349 1916 542 1984 cura,⁸
565 1906 844 1987 pecunias
866 1908 1084 1986 ubique
1107 1926 1341 1986 cogens.
1411 1905 1485 1966 In
1509 1908 1901 1989 Cappadocia
1920 1917 1983 1967 et
2005 1925 2245 1965 causam
2270 1864 2569 1979 ssiss‘xssm.

349 2005 625 2081 cognovit
649 2002 986 2063 Ariarathis
1022 2012 1084 2063 et
1123 2002 1414 2065 Archelai
1451 2002 1739 2075 Sisennae,
1784 2004 1861 2064 de
1898 2022 2077 2081 regno
2100 2022 2243 2063 con·
2270 1994 2477 2071 Appias.

349 2098 750 2159 tendentium:
792 2108 856 2159 et
896 2099 1033 2180 plus
1071 2099 1230 2178 apud
1276 2119 1412 2157 eum
1458 2097 1797 2159 Archelaus
1836 2099 2047 2169 valuit,
2089 2097 2243 2157 Gla„
2268 2058 2532 2186 Εῗὲἒιῖιξ,

347 2194 552 2274 phyrae
591 2196 800 2254 matris
833 2194 1074 2272 adjutus
1104 2194 1318 2271 gratia,
1362 2213 1542 2271 quam
1576 2194 1891 2255 formosam
1932 2202 1995 2253 et
2037 2213 2242 2273 parurn
2270 2190 2353 2237 ²⁰·

343 2292 622 2373 pudicam
649 2291 954 2351 Antonius
979 2290 1318 2350 adamabat.

427 2395 488 2447 6.
533 2386 704 2447 Hinc
727 2388 788 2445 in
818 2386 1094 2445 Ciliciam
1121 2394 1529 2463 transgressus,
1555 2385 1730 2446 misso
1751 2385 1827 2444 ad
1857 2384 2239 2466 Cleopatram
2297 2397 2511 2463 Appiam.

347 2484 578 2554 Dellio,
627 2483 830 2545 adesse
871 2484 1156 2561 reginam,
1199 2492 1479 2561 tanquam
1516 2482 1593 2541 ad
1632 2501 1870 2541 causam
1896 2480 2235 2555 dicendam,
2262 2472 2312 2510 θ*
2328 2462 2459 2511 pm·

332 2584 554 2663 jussit:
597 2579 811 2640 favisse
833 2580 988 2641 enim
1031 2578 1242 2649 Caesio
1269 2578 1734 2641 insimulabatur.
1814 2578 1908 2638 At
1942 2578 2069 2647 illa,
2110 2598 2235 2637 mo-

343 2682 504 2741 ribus
527 2676 786 2737 Antonii
811 2696 887 2735 ex
912 2676 1074 2735 fama
1096 2685 1161 2735 et
1187 2674 1372 2735 Dellii
1413 2676 1779 2756 expositione
1816 2676 2089 2753 cognitis,
2131 2678 2236 2756 qui

345 2775 572 2835 mulieri
593 2768 788 2833 forma
811 2780 874 2833 et
897 2773 1135 2850 ingenio
1158 2772 1476 2833 excellenti
1501 2771 1647 2831 nihil
1674 2773 1753 2831 ab
1774 2774 1887 2831 isto
1911 2772 2235 2832 timendum

344 2872 755 2938 asseverabm
799 2889 915 2929 non
942 2878 1064 2929 tam
1089 2868 1167 2929 ad
1193 2868 1558 2949 purgandum
1586 2870 1850 2946 objecta,
1891 2888 2071 2947 quam
2096 2870 2235 2927 sub-

330 2964 660 3047 jiciendum
703 2968 820 3026 sibi
871 2966 1284 3046 imperatorem
1333 2986 1398 3024 se
1445 2966 1849 3046 comparabat.
1940 2962 2235 3033 Tandem,

341 3084 452 3124 nec
477 3065 586 3123 nisi
612 3064 880 3143 plurimis
902 3062 1066 3121 illius
1085 3071 1149 3120 et
1169 3063 1492 3121 amicorum
1521 3062 1707 3121 literis
1729 3062 1945 3131 accita,
1984 3060 2233 3121 Tarsum

339 3158 666 3238 navigavit,
693 3158 796 3219 ubi
821 3166 946 3217 tum
973 3176 1153 3236 agens
1177 3156 1498 3227 Antonius,
1525 3156 1775 3215 liberam
1800 3158 2235 3235 immunemque
2257 3172 2387 3225 Ptin.
2407 3192 2456 3222 v.
2471 3179 2557 3223 27.

275 3322 290 3331 ,
340 3259 642 3317 civitatem
681 3254 1050 3324 declarabat,
1085 3254 1278 3313 edicto
1321 3272 1560 3332 quoque
1598 3250 1920 3332 proposito,
1964 3252 2049 3310 uti
2084 3250 2233 3310 Tar·
2260 3238 2473 3302 Appium.

343 3372 540 3413 nenses
579 3353 762 3421 cives,
803 3351 1162 3429 ubicumque
1205 3350 1505 3419 servirent,
1543 3347 1995 3409 dimitterentur.
2078 3346 2235 3407 Tum
2258 3352 2391 3401 Plut.

343 3469 579 3529 quoque
598 3468 706 3527 pro
723 3445 1004 3506 tribunali
1027 3446 1298 3516 sedebat,
1325 3454 1460 3504 cu'm
1480 3445 1727 3505 adverso
1747 3443 1965 3525 Cydno
1983 3442 2231 3505 subvehi

344 3544 726 3624 Cleopatram
751 3542 1080 3602 nuntiatum
1106 3550 1231 3601 est:
1275 3550 1589 3620 tantusque
1622 3540 1923 3600 hominum
1958 3540 2035 3598 ad
2064 3559 2232 3620 spec-

343 3640 583 3701 tandam
609 3660 738 3700 eam
760 3658 1076 3699 concursus
1093 3638 1230 3709 fuit,
1257 3647 1344 3708 ut,
1371 3636 1603 3717 dilapsa
1620 3634 1835 3697 forensi
1852 3637 2048 3707 turba,
2073 3637 2235 3698 solus

341 3754 480 3796 cum
507 3737 625 3795 suis
649 3733 950 3795 Antonius
983 3734 1426 3815 relinqueretur.

423 3838 482 3895 7.
512 3830 731 3911 Neque
756 3831 912 3891 enim
931 3831 1194 3910 vulgaris
1215 3839 1344 3889 erat
1359 3830 1605 3910 species.
1670 3829 1955 3889 Inaurato
1975 3828 2230 3905 navigio,

342 3928 487 3989 velis
507 3930 814 4011 purpureis
830 3928 1127 4008 expansis,
1151 3926 1514 3987 vehebatur:
1550 3926 1810 4004 argentei
1830 3925 1975 3985 remi
1996 3922 2073 3983 ad
2093 3925 2233 3985 tibi-

408 4102 432 4128 ·
461 4096 644 4145 Planco
659 4096 946 4144 demandata
963 4092 1100 4142 Aeiae
1119 4090 1258 4155 eura]
1325 4099 1457 4145 erat,
1476 4104 1625 4154 qnam
1654 4103 1755 4139 non
1778 4090 2004 4155 reliquit.
2040 4090 2135 4139 nisi
2174 4100 2229 4140 nt

343 4160 543 4209 Vereor
583 4166 640 4209 ut
676 4156 762 4209 hic
804 4167 1092 4221 temporum
1127 4156 1256 4206 ordo
1324 4154 1859 4220 fugientemrulviam
1880 4154 2233 4219 comitaretur,

341 4226 468 4273 satir
483 4230 726 4275 accurate
741 4232 978 4273 servatus
998 4224 1086 4272 sit.
1111 4223 1254 4271 Tunc
1325 4228 1386 4271 ut
1421 4219 1793 4275 memorabitur
1830 4218 1961 4271 infra
1996 4235 2113 4287 cap.
2145 4226 2227 4271 82.

345 4288 481 4337 enim
503 4289 750 4353 temporis
773 4288 998 4339 Plancus
1022 4289 1072 4337 in
1097 4286 1252 4338 Italia
1327 4286 1467 4334 Crev.
