3159 4959
560 419 737 486 57⁰4

593 2026 789 2074 Sueton-

559 2088 688 2152 Aug.
713 2093 791 2141 17.

560 2152 677 2202 Dio.

1520 431 1588 482 T.
1639 433 1826 482 mvn

886 575 1072 642 tanda
1112 577 1367 655 spatium
1407 577 1622 656 petiae
1659 575 1993 637 videbatur.
2077 575 2220 642 Quo
2257 575 2574 656 prudenter
2617 597 2775 650 usus,

882 672 1057 733 simtss
1082 692 1347 733 reversus
1372 671 1634 733 Romam
1660 681 1773 743 est,
1799 673 2112 732 convocari
2131 681 2399 734 senatum
2417 675 2617 752 jussit.
2679 675 2777 735 Bo

883 780 1146 850 tempore
1168 777 1383 850 praeter
1407 769 1662 829 militare
1690 767 2044 849 praesidium‚
2067 769 2272 830 amicis
2287 770 2468 828 etiam
2497 772 2777 850 pugiones

884 863 995 926 sub
1018 875 1181 944 yeste
1208 865 1596 942 gestantibus,
1626 865 1686 922 in
1729 863 1926 924 medio
1957 864 2268 924 consulum
2291 865 2480 924 curuli
2503 865 2656 926 sella
2677 887 2776 926 se-

883 960 1145 1030 dentem,
1173 960 1358 1020 multa
1390 978 1495 1039 pro
1528 979 1592 1018 se
1621 960 1856 1038 suisque
1893 959 2044 1018 actis
2081 959 2344 1020 modeste
2367 960 2630 1020 locutum
2653 971 2776 1022 tra-

886 1055 1053 1116 dunt.
1098 1055 1301 1116 Flexit
1318 1076 1380 1115 se
1406 1055 1618 1115 deinde
1647 1054 1723 1114 ad
1753 1053 2007 1114 Antonii
2034 1056 2490 1126 accusationem,
2519 1076 2776 1137 praesan-

885 1155 1075 1232 tisque
1098 1152 1377 1223 consulis,
1403 1153 1619 1232 quibus
1642 1149 1894 1231 plurima
1917 1171 1990 1210 ac
2010 1151 2214 1228 gravia
2227 1160 2432 1212 contra
2455 1171 2518 1212 se
2535 1161 2598 1212 et
2619 1173 2772 1214 rem-

886 1250 1185 1329 publicam
1204 1249 1515 1309 commissa
1532 1247 1893 1326 objectabat.
1923 1247 2078 1306 Cum
2089 1247 2168 1305 ad
2186 1248 2312 1308 baec
2329 1247 2626 1308 silentium
2641 1270 2772 1330 per-

884 1345 1051 1405 tinax
1072 1347 1333 1406 omnium
1351 1354 1534 1416 esset,
1548 1344 1760 1405 eadem
1778 1365 1840 1403 se
1859 1345 2079 1423 scripto
2091 1345 2638 1422 comprehensurum
2667 1348 2773 1418 ait,

884 1449 947 1499 et
970 1453 1132 1501 certa
1154 1441 1276 1512 die,
1316 1443 1375 1501 in
1418 1461 1593 1520 quem
1618 1451 1886 1502 senatum
1913 1441 2122 1500 iterum
2147 1439 2365 1499 babere
2389 1440 2653 1511 volebat,
2681 1461 2772 1500 re-

882 1536 1217 1598 citaturum.
1283 1537 1435 1596 Tum
1454 1537 1747 1606 consules,
1765 1555 1878 1595 non
1906 1544 2222 1615 expectata
2247 1535 2368 1605 die,
2390 1535 2551 1614 quod
2577 1545 2772 1600 tacere

884 1631 963 1692 ad
988 1630 1135 1692 talia
1162 1643 1287 1692 tam
1312 1633 1616 1710 indignum
1641 1633 1800 1712 ipsis,
1835 1649 2016 1711 quam
2046 1631 2290 1710 obloqui
2330 1631 2586 1692 intutum
2609 1632 2768 1694 vide·

881 1727 1080 1798 batur,
1124 1727 1203 1787 ad
1244 1727 1577 1787 Antonium
1625 1727 1872 1808 profecti
1911 1735 2068 1798 sunt,
2127 1725 2328 1786 multis
2373 1737 2604 1806 patrum
2659 1729 2771 1788 hoc

882 1822 1221 1903 exemplum
1246 1825 1641 1902 sequentibus.
1713 1823 1835 1884 Sed
1857 1823 2084 1893 Caesar,
2111 1843 2184 1882 ne
2211 1831 2446 1902 propter
2469 1843 2636 1884 suam
2663 1825 2772 1883 ali-

882 1939 1063 1999 quam
1090 1919 1363 1998 injuriam
1389 1919 1466 1978 ab
1502 1920 1594 1978 his
1627 1917 1891 1978 desertus
1929 1927 2251 1998 putaretur,
2278 1937 2318 1977 a
2351 1939 2414 1978 se
2449 1927 2656 1998 sponte
2677 1919 2768 1978 di-

883 2016 1089 2075 missos
1112 2015 1275 2075 credi
1300 2015 1543 2074 maluit:
1587 2035 1820 2096 quoque
1848 2013 2072 2074 faceret
2096 2013 2297 2085 fidem,
2319 2014 2454 2074 aliis
2477 2017 2657 2075 etiam
2683 2016 2768 2074 in-

882 2110 1125 2192 dulgere
1150 2131 1213 2170 se
1232 2111 1411 2182 dixit,
1440 2111 1517 2170 ad
1543 2111 1871 2170 Antonium
1900 2109 2190 2192 proficisci
2214 2111 2602 2192 cupientibus.
2646 2112 2774 2174 Ita

879 2209 1315 2269 discedentibus
1338 2229 1415 2268 ex
1446 2207 1616 2268 Urbe
1643 2209 1985 2288 propinquis
2008 2210 2138 2286 ejus
2163 2207 2506 2288 amicisque,
2527 2207 2604 2267 C.
2635 2211 2772 2270 Asi·

558 2313 760 2366 Vellax.
776 2321 857 2367 86.
883 2307 1012 2366 nius
1038 2305 1268 2377 Pollio,
1304 2305 1409 2385 qui
1450 2314 1583 2415 post
1625 2303 2044 2364 Brundisinam
2087 2323 2296 2384 pacem
2321 2303 2494 2362 rebus
2518 2305 2772 2364 Antonii

556 2789 690 2841 Plut-

882 2403 1114 2462 misceri
1160 2402 1437 2472 desierat,
1478 2402 1537 2460 in
1578 2400 1766 2461 Italia
1803 2400 2034 2458 mansit.
2120 2398 2294 2459 Idem
2327 2420 2517 2480 neque
2547 2400 2770 2462 Caesari

879 2497 1179 2577 deinceps,
1205 2499 1434 2575 roganti
1461 2506 1529 2556 ut
1566 2517 1761 2557 secum
1790 2495 1866 2555 ad
1902 2494 2124 2554 bellum
2161 2496 2294 2566 iret,
2321 2496 2768 2576 obtemperavit,

878 2602 1084 2653 mutua
1107 2613 1241 2653 cum
1270 2591 1538 2654 Antonio
1564 2593 1858 2652 beneficia
1875 2611 2190 2660 excusans,
2219 2613 2409 2671 neque
2435 2613 2496 2650 se
2513 2594 2768 2716 interpo-

876 2689 1121 2748 sitarum
1146 2689 1344 2757 armis,
1371 2699 1433 2746 et
1465 2687 1724 2767 praedam
1753 2687 2008 2746 futurum
2034 2687 2288 2746 victoris.
2764 2752 2776 2764 ,

958 2789 1017 2842 3.
1038 2784 1155 2843 At
1198 2781 1520 2853 Domitius,
1567 2802 1702 2841 cum
1750 2783 2082 2842 Antonium
2119 2783 2344 2862 Ephesi
2379 2785 2765 2856 convenisset,

874 2873 1091 2938 hortari
1130 2877 1332 2957 coepit,
1371 2887 1437 2938 ut
1477 2877 1885 2958 Cleopatram,
1913 2877 2062 2938 nihil
2092 2877 2256 2937 aliud
2293 2899 2472 2958 quam
2518 2879 2766 2961 impedi-

873 2984 1133 3034 mentum
1178 2974 1323 3034 belli
1348 2974 1646 3046 ,futui-am,
1698 2975 1756 3034 in
1818 2973 2148 3055 AEgyptum
2205 2977 2544 3036 remitteret.
2627 2975 2768 3038 Nec

873 3067 1003 3129 aliis
1038 3071 1357 3130 amicorum
1393 3091 1468 3130 ea
1500 3071 1652 3132 ratio
1690 3069 2062 3150 displicebat.
2147 3071 2242 3130 At
2287 3070 2612 3152 Cleopatra
2645 3093 2764 3132 me-

870 3175 1059 3244 tuens,
1086 3186 1183 3238 ne,
1208 3167 1258 3224 si
1286 3186 1533 3245 usquam
1567 3165 1918 3235 discederet,
1947 3166 2154 3224 iterum
2193 3167 2428 3246 pataria
2451 3167 2615 3245 pacis
2637 3167 2764 3246 pig-

872 3283 1095 3344 nusque
1132 3264 1395 3324 Octavia
1419 3262 1609 3333 fieret,
1638 3261 1954 3322 Canidiam
1989 3262 2225 3321 induxit
2257 3263 2590 3342 ingentibus
2614 3282 2769 3342 prata

872 3360 1027 3428 miis,
1061 3368 1130 3417 ut
1167 3360 1245 3417 ab
1284 3379 1358 3417 ea
1397 3368 1590 3417 mente
1631 3359 1966 3418 Antonium
2010 3368 2332 3418 revocaret.
2414 3358 2622 3438 Atque
2664 3359 2764 3418 ille

870 3453 1133 3532 specioso
1167 3455 1411 3512 obtentu
1440 3453 1680 3531 negavit
1719 3463 1737 3489 ‘
1757 3474 1886 3533 aequ
1895 3473 1988 3512 um
2029 3454 2236 3526 videri,
2263 3456 2431 3534 quasi
2471 3476 2572 3536 per
2598 3456 2774 3535 igno-

870 3548 1109 3606 miniam
1133 3548 1288 3607 hanc
1316 3549 1596 3609 removeri
1623 3569 1661 3608 a
1685 3549 1866 3621 bello,
1885 3570 2018 3629 quae
2035 3550 2322 3611 ducentas
2335 3571 2540 3623 naves,
2558 3551 2770 3630 vig-inti

870 3643 1058 3702 millia
1082 3644 1487 3714 talentorum,¹
1524 3653 1588 3702 et
1609 3653 1900 3724 praeterea
1932 3656 2322 3706 commeatum
2349 3647 2408 3706 in
2433 3666 2640 3708 omnes
2661 3669 2762 3708 co·

869 3739 997 3818 pias
1021 3740 1380 3818 praebuioeet.
1464 3737 1689 3819 Neque
1714 3761 1854 3800 vero
1881 3762 1955 3800 ex
1986 3763 2090 3801 usu
2119 3763 2242 3802 esse
2269 3743 2515 3803 alienari
2541 3745 2766 3822 animos

868 3835 1302 3916 AEgyptiorum,
1348 3856 1465 3894 non
1500 3837 1996 3896 contemnendam
2020 3835 2391 3899 efficientium
2441 3840 2765 3914 maritima·-

868 3951 994 3992 rum
1036 3933 1243 3991 virium
1296 3940 1543 4011 partem.
1631 3932 1752 3992 Sed
1795 3943 1858 3993 et
1897 3932 2117 4011 alioqui
2138 3927 2162 3961 ’⁴
2195 3937 2451 4014 negabat
2499 3935 2766 4012 ‘.videre,

874 4161 1173 4274 culegffim
1194 4159 1356 4214 hillis
1380 4163 1688 4228 talentorum]
1729 4165 1938 4266 Mar-ca·
1973 4165 2184 4260 argenti¹
2215 4162 2474 4264 nostrates
2517 4163 2762 4261 1876000.
