3159 4959
572 460 749 529 5778
1398 498 1409 509 ·
1514 480 1598 527 .ϊ.
1651 479 1842 527 mvn

898 642 1067 703 posse
1093 622 1313 681 bomini
1338 639 1453 679 non
1480 622 1732 701 pessimo
1759 622 2150 701 principatum
2175 620 2494 681 videretur.
2576 622 2793 683 Cetera

900 719 1048 777 talia
1072 718 1307 777 omnino
1330 726 1487 787 sunt,
1514 718 1708 796 utqui
1727 736 1926 787 secum
1951 718 2066 777 ista
2089 715 2483 798 perpenderit,
2511 720 2666 796 regis
2685 738 2792 777 cu·

888 814 1131 892 jusdam
1155 813 1413 873 dictum·
1448 811 1626 873 valde
1653 814 1896 892 probet:
1943 822 1960 849 ⁸
1983 813 2281 886 diadema,
2315 814 2570 875 nobilem
2605 818 2794 893 magis

898 930 1079 989 quam
1104 908 1335 970 felicem
1362 930 1644 989 pannum,
1686 911 1736 969 si
1777 910 2008 991 penitus
2033 910 2474 989 intelligeretur,
2501 911 2792 971 neminem

900 1015 1283 1085 reperturum,
1312 1008 1414 1085 qui
1443 1006 1629 1066 vellet
1655 1008 1840 1065 ‚humo
1867 1003 2121 1066 tollere.’

980 1106 1079 1161 22.
1124 1112 1139 1135 ·
1171 1102 1272 1173 Et,
1320 1122 1439 1181 quo
1474 1104 1692 1161 certius
1730 1121 1963 1161 omnem
2009 1101 2296 1181 regnandi
2343 1101 2648 1162 libidinem
2683 1121 2788 1162 ex·

900 1199 1099 1257 turbes
1138 1200 1360 1268 animo,
1401 1218 1596 1279 pauca
1619 1218 1714 1259 me
1739 1197 1934 1268 dictis,
1971 1198 2097 1269 sed,
2123 1206 2406 1277 quantum
2433 1200 2660 1278 opinor,
2684 1220 2792 1259 va-

898 1292 1029 1353 lida
1052 1293 1249 1353 hercle
1278 1294 1602 1373 adjungere
1639 1294 1835 1353 sinito.
1921 1293 1997 1352 ln
2025 1314 2086 1353 re
2113 1292 2316 1374 populi
2337 1295 2522 1353 rarius
2541 1296 2793 1355 existere

902 1380 1069 1469 posse
1094 1408 1225 1449 reor
1271 1390 1548 1469 pessimos
1589 1390 1979 1467 magistratus,
2005 1408 2186 1467 quam
2223 1390 2283 1447 in
2321 1389 2516 1467 regnis
2537 1392 2794 1470 optimos

901 1485 1211 1565 principes.
1297 1484 1383 1543 Et
1440 1484 1676 1543 illorum
1733 1486 2042 1565 imperium
2105 1485 2282 1543 breve
2341 1494 2573 1565 tempus
2621 1484 2756 1555 finit
2774 1506 2793 1545 ε

900 1579 1113 1639 deinde
1141 1579 1299 1657 leges
1322 1588 1460 1655 sunt
1480 1588 1545 1638 et
1558 1578 1812 1657 judicia,
1841 1598 2087 1658 quorum
2114 1580 2262 1638 ultio
2302 1599 2418 1641 non
2445 1580 2620 1641 modo
2655 1602 2792 1661 pec-

900 1683 1042 1734 cata
1064 1666 1369 1753 suppliciis
1392 1676 1650 1734 sontium
1678 1673 1966 1745 vindicat,
1995 1674 2100 1733 sed
2115 1676 2300 1735 etiam
2325 1676 2666 1756 exemplum
2691 1676 2794 1747 de·

900 1777 1082 1829 terret
1105 1790 1207 1828 eos
1234 1772 1337 1849 qui
1364 1772 1663 1849 peccaturi
1699 1779 1912 1849 postea
1934 1770 2200 1831 fuissent.
2285 1772 2593 1832 Praeterea
2625 1771 2796 1831 sicuti

902 1865 1195 1945 provisum
1214 1875 1326 1936 est,
1352 1886 1426 1924 ne
1454 1865 1744 1925 malorum
1773 1866 2052 1925 diuturna
2071 1868 2152 1925 sit
2171 1868 2459 1948 potentia,
2493 1868 2578 1927 sic
2599 1868 2656 1926 in
2687 1868 2792 1926 bo—

900 1980 1105 2021 uorum
1151 1962 1369 2031 locum,
1410 1965 1644 2043 quoties
1679 1963 1896 2042 aliquis
1939 1964 2205 2041 quolibet
2243 1984 2384 2024 casu
2421 1964 2791 2037 subducitur,

899 2045 1085 2117 alium
1128 2058 1293 2117 haud
1332 2048 1682 2117 deteriorem
1729 2060 1984 2139 reperire
2025 2058 2366 2138 plerumque
2407 2078 2524 2119 non
2569 2070 2666 2119 est.
2699 2082 2790 2120 ar

898 2152 1103 2215 duum.
1188 2152 1327 2212 Nec
1352 2155 1533 2223 enim,
1560 2164 1818 2235 excepto
1841 2155 2112 2215 universo
2137 2156 2396 2225 interitu,
2423 2156 2528 2233 qui
2566 2176 2662 2215 res
2681 2156 2789 2216 hu·

898 2268 1107 2307 manas
1130 2270 1331 2309 omnes
1358 2249 1686 2310 inevitabili
1723 2249 1850 2309 fato
1889 2251 2161 2329 premit,
2145 2270 2410 2329 ing-ruere
2435 2259 2604 2325 tanta
2627 2252 2789 2311 cala-

900 2348 1073 2405 mitas
1112 2346 1240 2405 ulla
1268 2355 1483 2426 potest,
1512 2348 1656 2425 quin
1681 2347 2054 2407 seminarium
2080 2346 2322 2425 aliquod
2347 2348 2790 2425 magistratuum

897 2442 1214 2520 relinquat.
1299 2440 1421 2507 Sed
1446 2442 1640 2519 regnis
1664 2441 1901 2503 minime
1927 2452 2050 2502 tam
2076 2443 2252 2503 beata
2265 2463 2390 2502 sors
2407 2453 2528 2517 est:
2573 2446 2634 2502 in
2659 2444 2790 2523 qui-

890 2539 1011 2597 bus
1032 2546 1097 2596 et
1119 2538 1261 2597 mali
1290 2538 1586 2618 principes
1611 2539 1842 2597 nonnisi
1867 2556 2004 2597 cum
2037 2540 2165 2599 vita
2192 2540 2498 2619 imperium
2527 2550 2786 2620 ponunt:

886 2644 961 2693 et
1001 2636 1143 2693 boni
1182 2634 1583 2711 magnitudine
1631 2654 1704 2693 ac
1745 2634 2132 2694 diuturnitate
2179 2636 2489 2715 potestatis
2531 2656 2790 2718 persaepe

894 2729 1328 2788 convelluntur.
1410 2729 1500 2787 Te
1541 2730 1804 2808 quidem,
1845 2730 2128 2808 quicquid
2163 2740 2400 2791 acmrus
2443 2752 2529 2801 es,
2569 2734 2792 2812 optima

896 2832 1093 2882 mente
1117 2832 1523 2904 suscepturum
1546 2844 1672 2883 esse
1713 2825 2094 2885 certissimum
2140 2827 2348 2887 habeo.
2433 2827 2716 2889 Ceterum
2737 2832 2792 2889 si

890 2923 1123 3001 cogitas
1148 2920 1517 2999 quorundam
1544 2930 1604 2981 te
1631 2922 1934 3001 poenitere,
1973 2942 2108 3001 quae
2149 2934 2274 2983 tum
2307 2924 2486 2983 etiam
2533 2924 2789 2986 admissa

889 3026 1050 3088 sunt,
1077 3036 1209 3077 cum
1252 3016 1543 3095 respicere
1566 3016 1830 3096 colleg-as
1849 3018 2173 3095 cogebareg
2217 3038 2352 3078 cum
2378 3019 2658 3079 adversus
2681 3042 2786 3102 po-

894 3114 1248 3173 tentissimos
1288 3114 1449 3173 viros
1488 3113 1794 3174 dimicanti
1833 3114 2064 3173 virtutis
2101 3135 2175 3175 ac
2207 3117 2463 3194 justitiae
2511 3118 2787 3195 opinione

894 3208 1305 3269 benevolentia
1340 3208 1648 3269 retinenda
1685 3210 1902 3271 civium
1939 3219 2128 3278 essen
2171 3211 2314 3289 quid
2341 3212 2598 3271 futurum
2625 3214 2784 3273 arbi-

894 3306 1087 3375 traris,
1108 3306 1181 3375 si,
1208 3315 1433 3365 remoto
1456 3315 1618 3365 metu
1643 3304 2008 3375 mutulorum,
2033 3326 2320 3385 supremae
2345 3308 2454 3367 tibi
2480 3310 2786 3389 potestatis

892 3402 1186 3470 conscius,
1232 3422 1271 3459 a
1316 3400 1608 3461 destinato
1653 3402 1842 3461 laudis
1895 3403 2102 3463 itinere
2147 3402 2426 3464 violentis
2472 3404 2784 3479 affectibus

895 3496 1209 3576 abripieris
1226 3496 1251 3553 ἵ

973 3597 1074 3652 23.
1102 3601 1121 3626 ‘
1148 3590 1271 3651 Sed
1296 3599 1422 3649 esto
1448 3590 1640 3671 (quod
1666 3592 1965 3670 equidem,
1989 3593 2414 3673 si-sperandum
2441 3598 2502 3655 in
2517 3596 2781 3669 ulloest,

892 3688 951 3747 in
974 3696 1039 3749 te
1062 3688 1299 3747 minime
1330 3686 1765 3767 desperandum
1805 3708 1932 3748 esse
1973 3689 2216 3769 largior)
2243 3690 2396 3751 hanc
2422 3695 2656 3776 imperii
2679 3718 2783 3757 ne·

890 3786 1295 3863 gotiorumque
1322 3782 1535 3843 molem
1562 3784 1712 3843 citra
1738 3792 1900 3844 tuam
1925 3786 2258 3866 civiumque
2281 3789 2582 3866 querelam
2609 3794 2780 3853 susti-

604 3906 802 3956 saetosa.
892 3900 1067 3948 neas;
1112 3889 1337 3958 quanta
1368 3878 1740 3939 solicitudine
1781 3880 1858 3939 de
1881 3900 2216 3941 successore
2257 3883 2594 3946 laborabis?
2641 3888 2782 3948 Scio

570 3970 699 4033 Aug.
721 3974 803 4019 28.
890 3978 1045 4036 enim
1072 3984 1135 4035 te
1162 3996 1277 4035 non
1306 3974 1487 4037 alium
1514 3976 1798 4052 majorem
1821 3996 1898 4035 ex
1912 3975 2228 4041 laboribus
2259 3980 2374 4039 tuis
2397 3978 2652 4042 fructum
2673 4002 2779 4062 pe—

957 4158 1168 4220 ‘Regin
1180 4157 1419 4218 evadant
1436 4157 1642 4219 dictum]
1677 4156 1800 4208 Dic·
1867 4157 2090 4211 themius
2111 4161 2410 4213 indicasset.
2476 4164 2574 4215 Ine
2589 4166 2684 4215 boc
2705 4164 2776 4230 εἰς

895 4228 949 4268 ιιι
920 4235 1001 4269 ιιιιι
1039 4223 1113 4269 iil!
1112 4222 1225 4269 ind
1230 4236 1424 4284 nepr
1383 4224 1617 4271 rrnaecl·
1589 4238 1670 4269 nm
1710 4236 1798 4271 ιιι-ι
1870 4238 1912 4271 si
1913 4238 1962 4272 ιο
2015 4224 2239 4290 addidit,
2285 4228 2392 4277 Dio
2446 4242 2545 4278 non
2604 4228 2778 4322 habet..

880 4285 1085 4349 jannem
1104 4285 1239 4347 regis
1216 4286 1341 4339 nit,
1364 4288 1610 4337 vellemus
1627 4288 1796 4337 Frein-
1873 4288 2013 4339 creo.
