3159 4959
530 446 708 513 5486
1287 472 1300 479 ·
1481 458 1551 504 τ.
1602 456 1797 505 mvn

535 614 666 666 ven.
684 612 802 662 Dio.
867 636 875 643 -
935 606 998 659 9.
1044 568 1170 658 His
1207 606 1390 679 atque
1435 597 1727 658 similibus
1766 596 1963 657 causis
2008 595 2234 657 inducti
2287 596 2537 657 Murcus
2576 606 2757 678 atque

533 679 750 793 Αὲξξῗᾚ
860 695 1126 756 Marcius
1171 694 1384 755 Cassio
1421 694 1791 756 tradiderunt
1832 695 2081 775 copias:
2138 702 2201 753 et
2247 693 2501 753 Bassum
2546 698 2757 755 misere

533 808 574 857 F
577 822 796 860 1111111
855 792 1190 873 cupientem
1235 793 1484 852 retinere
1523 812 1661 852 suos
1708 791 1946 861 milites,
1988 790 2353 871 reliquerunt
2392 792 2529 871 ipsi,
2574 811 2755 871 seque

537 878 618 951 ¹²5
857 889 935 949 ad
965 888 1040 949 O.
1065 888 1336 949 Cassium
1362 889 1809 949 transtulerunt.
1878 888 1999 949 Ille
2024 908 2225 949 omnes
2247 888 2457 949 eadem
2478 888 2537 947 in
2560 896 2759 947 castra

536 938 651 988 ΒΜ
857 986 1180 1047 contraxit.
1261 984 1404 1053 Quo
1429 994 1693 1065 tempore
1734 1002 1981 1064 magnus
2016 994 2255 1065 repente
2283 985 2471 1045 imber
2493 984 2759 1043 extitisse

857 1082 1131 1152 traditur,
1177 1091 1243 1141 et
1281 1082 1665 1163 irrumpentes
1712 1083 1771 1141 in
1818 1092 2012 1141 castra
2054 1084 2236 1162 portis
2274 1082 2546 1141 omnibus
2586 1082 2716 1161 apri
2736 1080 2753 1109 ¹
2838 1074 2847 1082 ⁸

856 1179 1190 1239 confudisse
1223 1198 1298 1239 ac
1331 1180 1707 1239 conturbasse
1742 1178 2060 1259 pleraque:
2106 1198 2297 1257 neque
2334 1177 2615 1249 defuisse,
2656 1177 2761 1257 qui

857 1276 1110 1336 celerem
1157 1276 1373 1336 Cassio
1417 1285 1478 1335 et
1522 1276 1851 1357 potentiam
1894 1286 1959 1336 et
2004 1278 2301 1335 interitum
2343 1276 2587 1355 prmdici
2630 1276 2759 1356 opi-

859 1381 1157 1433 narentur.

541 1480 770 1595 Asoqsph.
942 1476 1042 1530 10.
1085 1468 1181 1529 At
1219 1467 1482 1541 Cassius,
1522 1469 1617 1529 his
1654 1468 1845 1549 copiis
1872 1478 2103 1539 auctus,
2138 1468 2339 1528 omnia
2380 1468 2605 1528 circum
2642 1474 2761 1527 ter·

593 1556 712 1609 ntiq.
729 1560 842 1595 xxv·

541 1617 604 1662 Π
641 1620 693 1659 et
713 1611 776 1658 de
859 1566 1033 1625 rebat
1055 1566 1345 1647 imperiis;
1389 1586 1713 1645 gravesque
1748 1566 2041 1644 exigendo
2076 1565 2457 1645 pecuniarum
2482 1584 2760 1635 summas,

541 1646 740 1725 B.⁰Jud.
766 1688 806 1723 ι.
862 1662 1207 1723 civitatibus
1231 1662 1507 1721 terribilis
1541 1662 1903 1721 imminebat.
1982 1661 2139 1720 Tum
2163 1668 2225 1721 et
2249 1671 2505 1740 quatuor
2542 1660 2763 1741 oppida

543 1744 595 1789 ⁹·
863 1755 1118 1829 Judaeae,
1147 1767 1383 1840 propter
1406 1778 1522 1818 non
1543 1756 1738 1818 soluta
1762 1758 2076 1839 stipendia,
2104 1758 2437 1817 venierunt:
2478 1756 2763 1837 Gophna,

863 1862 928 1913 et
957 1852 1191 1933 Lydda,
1219 1863 1280 1914 et
1296 1874 1432 1915 cum
1461 1854 1855 1915 Emmaunthe
1881 1852 2131 1913 Tamna.
2202 1851 2327 1912 Sed
2347 1862 2409 1913 et
2432 1852 2764 1911 Malichum

865 1970 944 2008 ex
970 1947 1310 2011 Judaeorum
1339 1951 1703 2031 principibus
1738 1948 2153 2009 interfecturus
2184 1958 2315 2009 erat
2347 1948 2613 2019 Cassius,
2656 1948 2767 2007 nisi
2810 1988 2815 1991 -

865 2064 976 2123 pro
999 2064 1073 2104 eo
1096 2047 1335 2125 regulus
1357 2048 1548 2127 gentis
1576 2046 1901 2126 Hymanus
1922 2054 2159 2107 centnm
2184 2041 2448 2105 talentab
2494 2047 2765 2105 misisset.

546 2150 663 2227 Djm
686 2148 790 2213 Ap-
868 2139 1190 2201 Profectus
1213 2145 1368 2203 enim
1387 2144 1596 2203 eratin
1619 2143 2012 2203 Palaestinam
2034 2142 2295 2213 Cassius,
2324 2145 2413 2202 uti
2436 2144 2767 2203 venientem

543 2230 674 2328 9333·
717 2276 844 2325 Phil.
865 2256 944 2296 ex
980 2238 1244 2319 AEgypto
1281 2238 1542 2317 legatum
1581 2236 1923 2299 Dolabellae
1964 2239 2049 2298 A.
2078 2239 2389 2299 Allienum
2424 2246 2767 2318 occuparet.

547 2359 624 2390 ιι.
643 2313 723 2393 ι’2.
745 2350 798 2390 et
871 2332 938 2391 Is
965 2335 1347 2395 Alexandria
1380 2336 1679 2414 legionum
1720 2346 1973 2414 quatuor
2012 2336 2195 2395 instar
2240 2334 2583 2405 reducebat,
2626 2334 2765 2395 reli·-

869 2427 1501 2602 ²⁵¹5:
1521 2430 2247 2602 κη
2264 2441 2511 2584 ἔξω
2546 2433 2767 2607 ἕξ-

873 2638 1048 2678 ausus
1071 2618 1351 2679 adversus
1375 2624 1511 2676 octo
1537 2616 1797 2695 legiones
1826 2616 2203 2687 contendere,
2240 2638 2379 2677 cum
2412 2625 2680 2683 exercitu
2706 2624 2767 2682 in

579 2728 689 2777 Cic.
724 2728 786 2776 ad
875 2709 1069 2775 Cassii
1114 2724 1310 2795 partes
1353 2713 1600 2777 transiit.
1684 2712 1847 2772 Haec
1890 2723 2027 2773 ante
2076 2712 2293 2773 Nonas
2338 2714 2593 2777 Martias
2632 2729 2767 2780 acta

551 2794 819 2909 ἷῗῗζιῗζ
873 2812 1213 2893 perscripsit
1251 2812 1310 2869 in
1356 2810 1585 2868 Urbem
1628 2808 1867 2869 Cassius
1902 2830 1978 2869 ex
2020 2810 2250 2881 castris,
2290 2832 2427 2891 quae
2462 2814 2521 2874 in
2548 2817 2771 2896 oppido

875 2908 1154 2969 Galilaeae
1179 2907 1490 2968 Tarichaea
1513 2917 1805 2987 posuerat.

961 3014 1056 3065 ll.
1099 3005 1257 3065 Post
1287 3024 1546 3063 mensem
1588 3003 1826 3074 deinde,
1868 3002 2249 3064 Dolabellam
2275 3006 2333 3064 in
2365 3006 2643 3067 Ciliciam
2668 3030 2770 3069 ve-

555 3121 669 3173 Dio.
877 3104 1000 3161 nire
1025 3102 1294 3171 audiens,
1331 3100 1586 3159 dimissis
1613 3101 1737 3159 siue
1762 3100 1982 3179 injuria
2013 3100 2205 3161 Basso
2234 3102 2589 3183 crispoque,
2632 3115 2693 3167 et
2718 3108 2769 3167 si

876 3198 979 3281 qui
1023 3208 1308 3280 praeterea
1353 3217 1588 3257 manere
1621 3198 2038 3276 gravabantur,
2072 3197 2391 3279 classisque
2427 3202 2773 3280 praefectura

553 3319 771 3383 Δῃὼ,
881 3295 1097 3355 Murco
1147 3293 1386 3363 tradita,
1446 3292 1653 3352 eodem
1718 3293 1969 3352 instituit
2030 3293 2269 3366 ducere,
2332 3305 2540 3356 auctus
2590 3300 2769 3357 etiam

875 3394 1138 3473 equitum
1193 3389 1625 3468 sagittariorum
1669 3390 1873 3470 aliquo
1918 3410 2181 3461 numero,
2228 3392 2329 3471 qui
2376 3413 2451 3451 ex
2504 3394 2770 3465 Parthis,

878 3508 1058 3569 quam
1109 3485 1266 3566 apud
1311 3492 1540 3563 gentem
1576 3484 1737 3544 fama
1782 3494 1911 3545 erat
1952 3487 2327 3557 clarissimus,
2369 3486 2447 3547 ad
2486 3508 2623 3549 eum
2666 3512 2769 3551 ve-

589 3582 698 3633 Cic.
723 3580 786 3629 ad
879 3592 1104 3646 nerant,
1186 3580 1341 3640 Tum
1367 3580 1606 3657 cognito
1643 3582 1891 3641 classem
1922 3582 2257 3643 Dolabellae
2284 3604 2409 3643 esse
2439 3586 2497 3642 in
2530 3584 2769 3658 Cilicia,
2896 3582 2909 3589 ’

559 3647 821 3761 ξζῖῗεῗζζ
879 3682 1067 3762 ipsum
1107 3680 1219 3737 isse
1269 3676 1647 3749 Laodiceam,
1694 3679 1901 3738 eodem
1948 3698 2083 3739 cum
2146 3682 2415 3739 omnibus
2458 3681 2643 3761 copiis
2680 3694 2773 3744 est

1145 3794 1192 3834 s.

557 3898 770 3965 Appium.
876 3774 1332 3952 Ρῐῖίξῗῒὶυὶρρθ
1360 3869 1687 3930 Dolabella
1712 3878 1843 3949 post
1868 3869 2234 3930 interfectum
2258 3867 2641 3942 Trebonium,
2668 3873 2771 3932 tri-

1483 4058 1508 4102 1
1543 4052 1703 4116 Apros
1729 4052 1849 4103 edd.
1876 4058 1995 4103 ante
2026 4053 2178 4103 Crev.

1633 4182 1755 4202 Μ
1760 4182 1847 4204 000
1850 4182 1999 4203 ,ΟΜ

1027 4267 1052 4303 ⁸
1087 4268 1288 4316 Centum
1308 4266 1512 4329 talenta]
1565 4265 1767 4315 Mai-css
1788 4264 1993 4328 argenti
2018 4266 2281 4315 nostrates
2302 4263 2449 4311 ⁹⁸⁷5.
2488 4264 2628 4315 Grec.
