3159 4959
1227 474 1624 525 meaomm
1675 474 1897 525 mvn.
2487 462 2666 527 6013

1220 742 1403 809 LIB.
1448 740 1891 809 LXXXVI.

550 928 721 994 Cum
754 928 835 994 G.
871 928 1154 1003 Marius,
1186 924 1283 991 G.
1302 926 1508 997 Marii
1558 926 1761 1005 filine,
1813 928 2051 993 consul
2107 935 2264 995 ante
2307 946 2517 993 annos
2561 929 2658 993 vi·

458 1030 627 1114 giuti
672 1050 791 1114 per
820 1031 955 1095 vim
988 1034 1251 1094 creatus
1284 1036 1488 1105 esset,
1535 1026 1617 1093 G.
1652 1028 1954 1093 Fabius⁷
1998 1028 2068 1093 in
2101 1028 2338 1095 Africa
2383 1034 2656 1113 propter

456 1132 919 1199 crudelitatem
945 1139 1016 1195 et
1056 1129 1409 1195 avaritiam
1458 1130 1531 1193 in
1580 1131 1895 1212 praetorio
1936 1149 2065 1196 suo
2115 1132 2316 1198 vivus
2361 1137 2648 1196 exustus

462 1241 593 1299 est.
683 1233 763 1297 L.
797 1232 1159 1316 Philippus
1205 1230 1469 1314 legatus
1522 1230 1732 1315 Syllae
1784 1230 2184 1312 Sardiniam,
2233 1231 2322 1311 Q.
2366 1231 2660 1297 Antonio

461 1339 751 1419 praetore
800 1333 1001 1417 pulso
1050 1338 1120 1397 et
1166 1332 1425 1410 occiso,
1472 1332 1864 1415 occupavit.
1955 1332 2146 1417 Sylla
2191 1352 2342 1397 cum
2391 1330 2658 1397 Italicis

463 1435 761 1519 populiS,
807 1452 891 1498 ne
936 1434 1279 1498 timeretur
1309 1435 1397 1498 ab
1426 1432 1535 1511 iis,
1574 1422 1767 1499 ‘velut
1818 1440 2164 1517 erepturus
2209 1434 2554 1500 civitatem
2599 1440 2664 1498 et

464 1535 757 1618 suffragii
775 1534 897 1620 jus
926 1553 1141 1617 nuper
1170 1534 1433 1611 datum,
1477 1532 1706 1599 foedus
1738 1534 2097 1617 percussit.
2187 1533 2539 1617 Idemque,
2570 1552 2663 1599 ex

464 1634 721 1701 fiducia
739 1634 884 1719 jam
914 1638 1117 1699 oertae
1147 1634 1475 1712 victoriae,
1519 1634 1919 1718 litigatoreS,
1964 1655 2008 1699 a
2035 1636 2287 1718 quibus
2326 1634 2664 1715 adibatur,

461 1734 845 1801 vadimonia
892 1734 1185 1800 Romam
1225 1734 1483 1801 differre
1501 1736 1526 1775 ⁸
1560 1736 1801 1821 jussit,
1852 1756 2008 1802 cum
2061 1756 2105 1802 a
2151 1742 2338 1821 parte
2393 1736 2662 1803 diversa

467 1836 653 1901 Urbs
684 1837 908 1902 adhuc
934 1842 1289 1901 teneretur.
1377 1835 1459 1900 L.
1494 1838 1952 1922 Damasippus
1991 1842 2256 1922 praetor,
2307 1858 2397 1904 ex
2425 1837 2660 1904 volun·

462 1944 606 2003 tate
636 1938 716 2002 G.
744 1937 949 2001 Marii
978 1938 1276 2000 consulis
1308 1956 1462 2001 cum
1494 1944 1798 2003 senatum
1831 1940 2339 2013 contraxisset,⁹
2371 1958 2661 2014 omnem,

470 2058 623 2122 qnae
651 2038 722 2101 in
744 2035 931 2101 Urbe
959 2043 1126 2113 erat,
1148 2036 1578 2100 nobilitatem
1606 2037 2010 2101 trucidavit:
2043 2056 2132 2101 ex
2165 2038 2364 2121 cujus
2389 2056 2664 2104 numero

470 2137 561 2217 Q.
599 2138 873 2202 Mucius
904 2135 1217 2201 Scaevola
1249 2136 1557 2219 pontifex
1587 2138 1926 2203 maximus
1953 2138 2218 2221 fugiens
2246 2140 2314 2202 in
2335 2140 2668 2204 vestibulo

470 2241 637 2305 aedis
670 2238 905 2304 Vestae
937 2238 1205 2302 occisus
1236 2244 1361 2303 est.
1448 2238 1789 2305 Praeterea
1814 2240 2064 2303 bellum
2107 2261 2150 2305 a
2198 2240 2280 2305 L.
2311 2240 2594 2305 Murena
2614 2248 2668 2281 ¹⁰

471 2341 793 2409 adversus
823 2338 1282 2425 Mithridatem
1310 2339 1383 2403 in
1412 2337 1583 2405 Asia
1612 2346 1999 2405 renovatum
2029 2342 2342 2406 continet.

1340 2506 1369 2528 O
1374 2507 1581 2530 0000000
1587 2508 1705 2530 0000

536 2602 567 2648 ⁷
602 2599 619 2627 ⁴
638 2593 836 2659 Scribe,
865 2593 1043 2643 deleta
1061 2591 1453 2657 conjunctione,
1496 2593 1557 2642 c.
1576 2592 1774 2641 Marius
1794 2624 1810 2639 .
1835 2622 1850 2637 .
1872 2619 1888 2639 .
1910 2597 2098 2642 ereum
2116 2598 2204 2643 eet.
2257 2593 2317 2642 C.
2341 2591 2537 2654 Fabius,
2569 2593 2673 2657 qe!

471 2660 528 2712 J.
550 2662 611 2711 F.
632 2661 798 2711 Gron.
862 2664 881 2688 ⁴
911 2658 1033 2707 Non
1056 2656 1240 2706 dubito
1264 2657 1389 2721 quin
1414 2656 1655 2707 mendum
1677 2656 1748 2706 nit
1779 2655 1830 2703 in
1862 2656 2005 2721 Epit.
2029 2656 2144 2705 Liv.
2168 2664 2224 2705 et
2259 2670 2352 2719 pro
2370 2657 2500 2706 XX.
2523 2658 2682 2707 mini-·

472 2740 609 2777 mum
634 2724 817 2787 reponi
840 2722 1031 2773 debeat
1046 2721 1229 2771 XXV.
1245 2729 1304 2771 ut
1320 2722 1369 2772 ei
1390 2721 1468 2771 nic
1488 2721 1768 2771 conveniat
1791 2734 1908 2769 cnm
1933 2728 2070 2771 auct.
2085 2720 2152 2769 de
2178 2720 2286 2771 Vir.
2313 2722 2399 2770 ΙΙΙ.
2435 2722 2669 2771 Velleius

470 2800 642 2841 tamen
659 2803 821 2839 annos
840 2793 1076 2836 numerat
1088 2786 1338 2845 XXV1.‚·
1361 2786 1501 2849 App.
1514 2786 1672 2835 etiam
1697 2784 1964 2835 XXVII:
1993 2785 2209 2835 Vossius
2223 2784 2292 2835 ad
2311 2785 2544 2835 veih—8
2567 2786 2670 2836 De-

462 2854 601 2915 serre
622 2854 743 2902 oiim
766 2853 1061 2916 legebatur.
1125 2851 1203 2899 Ex
1226 2858 1357 2902 vett.
1382 2850 1506 2901 libb.
1536 2850 1740 2901 emend.
1770 2850 1950 2912 Sigon.
1972 2856 2026 2899 et
2047 2850 2364 2899 vadmonium
2396 2851 2670 2914 promit.—

472 2922 509 2966 9
543 2918 851 2965 cns-vocam:
882 2917 1031 2965 malit
1066 2914 1418 2977 Rupert.—10
1452 2922 1468 2945 ⁶
1490 2914 1576 2963 ΑΙ.
1623 2916 1708 2979 [ut
1743 2914 1908 2965 Gron.
1948 2914 2127 2975 Crem]
2149 2914 2386 2964 scribunt
2421 2915 2665 2971 Muroenn,

478 2994 663 3029 nomen
688 2978 1005 3029 deducentes
1027 2993 1057 3027 a
1080 2977 1221 3039 pisce
1246 2979 1335 3041 qui
1360 2976 1457 3027 Gr.
1479 2976 1678 3041 μύραινα
1699 2976 1924 3025 dicitur!
1962 2977 2163 3039 Rupere.

1216 3188 1401 3255 LIB.
1449 3188 1586 3255 Lx
1597 3187 1934 3255 XXVII.

566 3374 758 3459 Sylla
787 3372 869 3439 C.
906 3370 1222 3450 Marium,
1247 3372 1554 3438 exercitu
1586 3374 1730 3460 ejus
1757 3371 1914 3437 fuso
1946 3371 2300 3455 deletoque
2329 3372 2418 3436 ad
2449 3371 2674 3437 Sacri-

480 3481 769 3560 portum,
812 3476 883 3538 in
936 3471 1193 3559 oppido
1246 3472 1591 3539 Praeneste
1638 3472 1944 3537 obsedit:
1988 3472 2222 3536 urbem
2255 3471 2546 3537 Romam
2579 3490 2672 3539 ex

479 3578 899 3643 inimicorum
930 3573 1241 3639 manibus
1270 3561 1538 3659 recepit.
1628 3571 1926 3639 Marium
1949 3592 2290 3658 erumpere
2313 3579 2674 3639 tentantem

480 3678 748 3762 repulit.
824 3676 1163 3743 Praeterea
1190 3694 1297 3739 res
1326 3693 1369 3740 a
1396 3676 1644 3759 legatis
1675 3675 1845 3759 ejus„
1879 3675 2112 3741 eadem
2141 3674 2389 3757 ubique
2413 3662 2674 3741 fortuna

484 3780 790 3863 partium,
819 3784 1041 3860 gestas
1070 3777 1390 3843 continet.

1170 3970 1386 4073 'LIB.
1446 4006 1970 4075 Lxxxvm.

574 4194 763 4279 Sylla
806 4191 1205 4271 Carbonem,
1254 4192 1557 4257 exercitu
1604 4192 1748 4276 ejus
1800 4189 2028 4255 fuso¹¹
2076 4189 2161 4255 ad
2215 4189 2542 4270 Clusium,
2585 4193 2674 4258 ad

489 4295 885 4362 Faventiam
938 4292 1445 4379 Fidentiamque
1475 4312 1685 4373 caeso,
1718 4292 1922 4359 Italia
1953 4292 2258 4378 expulit:
2302 4314 2454 4361 cnm
2485 4292 2678 4359 Sam·
