3159 4959
915 433 1117 484 mser
1168 433 1417 484 cxxx.
1463 433 2111 486 supressum-uu.
2457 418 2632 484 566⁷

404 568 698 656 hys-eiu,
722 575 873 636 dues
896 577 1291 636 atrocissimos
1320 577 1539 648 hostes,
1564 578 1798 638 etiamsi
1834 587 2120 658 praeterea
2155 577 2308 638 nulli

408 680 617 732 esent.
688 671 873 739 Quod
897 674 945 732 si
973 682 1105 732 tum
1128 673 1495 734 ren-ocedere
1521 683 1828 745 conentur,
1853 675 2148 754 quo-odo
2173 683 2304 734 tan-

408 767 544 828 dem
580 787 911 830 emensuros
944 771 1075 841 iter,
1104 771 1251 830 satis
1286 767 1527 830 difficile
1564 770 1824 830 futurum
1859 769 1956 831 vel
2003 771 2206 830 amicis
2245 780 2308 830 et

407 863 833 926 deducentibus
864 866 1113 926 Parthis
1130 867 1177 922 ’.θ’
1258 865 1421 926 Haec
1458 867 1561 924 ubi
1589 887 1692 944 per
1717 864 1934 924 multos
1957 873 2020 924 et
2043 885 2198 946 saepe
2229 866 2306 926 ed

408 957 737 1022 Antonium
772 960 965 1019 relata
1004 967 1164 1029 sunt,
1196 960 1377 1038 jussit
1420 979 1459 1018 a
1499 959 1790 1029 barbaris,
1815 960 1866 1018 si
1903 959 2056 1018 forte
2097 960 2308 1020 eadem

404 1055 537 1116 haec
568 1056 871 1124 iterarent,
898 1055 1153 1133 exquiri,
1178 1063 1451 1114 utrumne
1486 1052 1618 1125 illa,
1643 1053 1866 1120 sciente
1905 1074 1978 1114 ac
2023 1055 2308 1134 probante

407 1151 705 1224 Phraate,
731 1151 1119 1212 dictitarent?
1198 1150 1355 1210 Tum
1384 1150 1626 1210 demum
1653 1169 1729 1210 ex
1767 1150 1974 1210 amicis
2011 1151 2310 1230 quendam

410 1247 587 1318 misit,
626 1247 733 1326 qui
768 1246 847 1308 sd
882 1245 1195 1324 tegendam
1232 1245 1686 1326 turpitudinem,
1725 1265 1800 1306 ne
1837 1254 2148 1306 contentus
2179 1255 2312 1309 tuta

410 1341 553 1420 fuga
572 1339 894 1412 videretur,
912 1342 1185 1422 captivos
1206 1351 1269 1402 et
1299 1343 1471 1419 signa
1498 1339 1700 1402 Crassi
1725 1351 2034 1422 repeteret.
2118 1341 2308 1420 Iaega-
2335 1363 2452 1413 Dio.

410 1438 633 1497 tionem
677 1437 833 1496 hanc
869 1437 1169 1497 Phraates
1209 1438 1465 1518 superbo
1508 1438 1754 1516 excepit
1791 1445 2106 1518 apparatu,
2133 1456 2312 1497 aurea

411 1532 567 1596 sella
602 1530 832 1604 sedens,
872 1551 945 1592 ac
978 1551 1221 1594 nervum
1273 1553 1447 1592 arcus
1496 1532 1756 1612 pulsans.
1844 1531 1984 1592 Nec
2035 1533 2304 1592 oratione

412 1647 591 1706 quum
628 1636 867 1708 aspectu
902 1628 1091 1688 minus
1127 1628 1425 1700 terribilis,
1454 1627 1632 1707 longo
1673 1649 1938 1690 sermone
1977 1631 2314 1708 increpavit

412 1721 745 1794 Romanoa,
774 1733 793 1760 ‘
812 1723 1261 1803 Antoniumque
1282 1724 1299 1751 '
1316 1725 1498 1803 jussit
1522 1734 1540 1760 ⁶
1558 1726 1706 1785 satis
1730 1725 1972 1796 habere,
1995 1723 2156 1804 quod
2175 1745 2314 1784 suos

414 1818 653 1890 milites,
676 1838 901 1899 suaque
926 1819 1096 1898 signa
1120 1821 1432 1888 retinerem
1495 1840 1567 1880 ac
1607 1821 1658 1880 si
1703 1820 1868 1880 cordi
1912 1819 2100 1880 foedus
2135 1829 2312 1891 esset,

414 1917 603 1995 primo
628 1936 865 1996 quoque
888 1924 1155 1996 tempore
1181 1916 1546 1976 Parthorum
1572 1915 1792 1976 finibus
1811 1914 2152 1976 excederet.
2207 1915 2311 1976 Sic
2371 1921 2502 1998 mut.
2525 1932 2576 1970 et

414 2019 605 2076 lutum
631 2012 689 2073 ei
711 2011 1053 2083 discessum,
1082 2030 1407 2091 pacemque
1433 2009 1618 2070 fidem
1641 2009 1807 2070 fore!
2341 1987 2456 2036 ¹³¹⁰·

494 2111 595 2166 12.
643 2106 817 2166 Dura
854 2105 1119 2165 conditio
1150 2113 1303 2176 erat,
1330 2105 1435 2164 sed
1467 2105 1706 2166 duriora
1745 2105 2120 2169 timebantur.
2207 2107 2312 2166 Id-

416 2203 575 2264 circo
601 2202 809 2282 paucis
831 2199 971 2260 inde
1010 2199 1220 2262 diebus
1245 2220 1390 2261 vasa
1414 2200 1724 2280 colligens,
1751 2221 1874 2281 prae
1898 2203 2122 2282 pudore
2161 2202 2316 2262 mili·-
2340 2212 2470 2262 Plut-
2557 2270 2564 2279 .

418 2307 509 2360 tes
546 2297 771 2376 ulloqui
806 2315 925 2356 non
952 2297 1167 2375 potuit,
1193 2296 1283 2356 vir
1308 2295 1573 2376 alioquin
1609 2305 1898 2377 praestans
1930 2297 2232 2368 facundia,
2257 2308 2322 2358 et

416 2394 695 2456 civilibus
728 2394 1195 2473 militaribusque
1228 2394 1612 2454 concionibus
1634 2397 2186 2456 exercitatissimus:
2228 2398 2320 2456 vi-

419 2507 669 2568 cemque
704 2507 871 2550 suam
908 2489 1181 2548 hortandi
1222 2490 1440 2550 milites
1478 2489 1746 2551 Domitio
1773 2492 2182 2551 Ahenobarbo
2215 2492 2320 2552 de·

398 2585 745 2648 mandavit.
830 2585 928 2645 Ea
968 2605 1059 2644 res
1096 2584 1297 2642 multis
1338 2585 1704 2664 displicuisse
1745 2583 1985 2656 dicitur,
2019 2587 2318 2646 contemni

420 2701 483 2740 se
510 2682 871 2762 putentibus,
900 2687 1035 2758 post
1059 2686 1149 2739 tot
1170 2678 1455 2738 toleratas
1478 2698 1787 2740 aerumnus.
1855 2679 2167 2759 Plerique,
2195 2700 2320 2741 rem

422 2786 490 2838 ut
521 2784 651 2837 erat
692 2775 1098 2854 conjicientes,
1140 2776 1496 2854 aequioribus
1534 2775 1747 2836 animis
1785 2776 2096 2858 imperium
2129 2778 2317 2837 secuti

422 2881 577 2935 sunt.
624 2871 779 2932 Cum
800 2873 1131 2932 recessisset
1156 2892 1195 2931 e
1220 2872 1509 2951 Praaspis
1534 2869 1860 2942 Antonius,
1887 2871 2083 2943 Medi,
2109 2873 2320 2934 relicta
2344 2881 2460 2932 Dio.

426 2972 505 3031 eb
530 2989 603 3030 eo
628 2989 831 3048 opera,
856 2989 1069 3048 aggere
1094 2969 1367 3048 disjecto,
1397 2969 1727 3032 incendere.

507 3073 605 3126 13.
646 3064 807 3124 Tum
838 3084 981 3125 vero
1008 3065 1269 3124 maxime
1292 3075 1656 3145 exceperunt
1680 3064 2010 3126 Antonium
2035 3067 2318 3146 pericula,
2346 3077 2459 3126 Ην.
2481 3076 2524 3126 Ε
2560 3077 2612 3127 it.

426 3163 735 3240 insanique
761 3161 1031 3222 labores:
1074 3170 1138 3221 et
1160 3170 1286 3220 erat
1318 3169 1517 3221 actum
1546 3160 1622 3222 de
1647 3162 1920 3222 universo
1943 3165 2233 3234 exercitu,
2259 3164 2322 3222 ni
2347 3141 2480 3190 V⁰¹¹·
2520 3093 2610 3189 ἕω

426 3279 463 3318 e
505 3257 715 3318 mediis
752 3257 1019 3318 hostibus
1058 3265 1266 3318 auctor
1308 3257 1517 3318 salutis
1556 3258 1872 3316 extitisset.
1955 3257 2220 3318 Parthos
2263 3260 2324 3318 in
2381 3252 2561 3303 5⁰⁸&-

428 3354 647 3436 preliis
668 3373 851 3434 opera
890 3373 1187 3414 servorum
1222 3353 1309 3413 uti
1345 3354 1736 3424 consuevisse,
1762 3373 1940 3433 supra
1963 3353 2142 3413 etiem
2167 3353 2322 3414 indi·
2351 3332 2464 3365 ’ω’
2482 3322 2533 3368 ²⁸

428 3453 733 3512 cavimus:
774 3459 839 3510 et
876 3451 1027 3510 inter
1064 3451 1329 3530 equitum
1356 3450 1545 3510 millia
1568 3451 2023 3531 quinquaginta,
2050 3471 2184 3530 quae
2220 3472 2322 3512 oc·-

429 3557 733 3608 eurrerunt
765 3547 1059 3618 Antonio,
1084 3547 1243 3607 soles
1281 3547 1741 3627 quadringentos
1775 3547 1996 3607 liberos
2030 3546 2208 3607 fuisse
2233 3567 2326 3606 re-

430 3641 619 3722 latum
664 3651 771 3703 est.
875 3641 1065 3720 Igitur
1108 3653 1170 3703 et
1212 3643 1428 3703 milites
1470 3643 1776 3704 Crassiani
1822 3642 1936 3704 hoo
1975 3644 2038 3702 in
2083 3663 2326 3704 numero
2351 3653 2484 3704 vell.
2530 3653 2651 3703 nor.

430 3749 777 3824 “mfflssm
794 3740 1057 3811 inventil
1086 3740 1331 3820 quidam
1350 3759 1552 3800 eorum
1576 3742 1814 3801 natione
1845 3739 2122 3801 Marsus·
2145 3749 2326 3801 noctu
2353 3719 2514 3832 germ.
2567 3733 2654 3768 ¹¹¹·

497 3931 522 3956 ⁶
555 3920 765 3978 Qidsm
798 3937 955 3973 eorm
988 3922 1181 3970 natione
1218 3922 1357 3971 Mar·
1406 3922 1540 3972 mels
1562 3922 1668 3984 legi
1692 3919 1830 3982 apud
1854 3920 2188 3971 Plutarchum
2211 3921 2328 3985 ὡνὴρ

434 3985 539 4048 ειη]
571 3987 803 4036 Velleius
819 3997 873 4036 et
887 3987 1071 4036 Florus
1092 4000 1125 4034 n
1146 3988 1357 4048 captivo
1404 3987 1475 4050 τῷ·
1509 3984 1640 4047 γένει
1675 3983 1881 4048 Μάρδος,
1920 3985 2328 4038 rescribendum·

436 4049 669 4102 Romatio
692 4067 723 4100 e
746 4052 1032 4102 Crassiana
1054 4050 1217 4099 eladis
1242 4051 1359 4100 reli·
1408 4065 1511 4115 que
1529 4065 1644 4098 esse
1663 4047 1880 4114 Μάρσος.
1917 4050 2202 4114 ecquidem
2221 4065 2330 4100 ma..

438 4115 571 4177 qniis
614 4115 865 4166 monitum
919 4129 1035 4164 esse
1077 4113 1359 4167 Antonium
1411 4116 1507 4177 ais,
1529 4113 1668 4178 quod
1695 4114 2005 4164 Plutarchus
2035 4113 2182 4164 addit
2209 4129 2329 4167 eum

436 4190 745 4228 memorant.
768 4179 1363 4243 HinejudlcsvitFrein·
1410 4180 1723 4228 Parthorum
1769 4178 1998 4228 moribus
2039 4181 2196 4242 longo
2235 4193 2330 4230 usn

439 4243 669 4295 rhemins
698 4244 755 4296 in
784 4254 897 4298 not.
916 4245 985 4298 ad
1008 4245 1149 4296 Flor.
1172 4257 1251 4298 iv.
1281 4247 1359 4302 lo,
1410 4241 1760 4296 manufactum
1801 4241 1979 4312 fuisse,
2015 4244 2153 4313 quod
2187 4245 2332 4296 vide·
