3159 4959
537 3534 783 3696 „sirm

1507 400 1574 449 Τ.
1632 400 1821 447 mvn

877 540 1047 603 cendi
1099 538 1318 599 ordin-is
1365 540 1422 599 in
1475 558 1585 601 sua
1646 540 1861 619 cuique
1926 538 2186 617 patriaa’
2227 536 2495 599 tribunus
2554 538 2774 603 ofilius

874 638 1112 697 nomine
1162 646 1180 673 ‘
1203 635 1456 697 corollas
1513 645 1576 697 et
1637 644 1957 717 praetextss
2019 652 2325 713 puerorum
2388 634 2772 699 delinimenta

873 735 1028 793 esse'
1069 732 1467 800 exclamavitz
1513 742 1530 769 ‘
1554 732 1843 792 militibus
1866 731 2022 809 agris
2046 750 2195 809 opus
2218 750 2343 791 esse
2383 739 2447 793 et
2478 732 2772 811 pecunia„²

877 830 973 890 Ea
996 849 1114 890 vox
1141 850 1376 889 assensu
1405 828 1905 889 circumstantium
1930 835 2187 906 excepta
2213 846 2351 887 cum
2374 838 2549 899 esset,
2569 828 2770 889 Coesar

871 926 1210 1002 indignatus
1231 923 1306 983 de
1336 922 1621 983 tribunali
1646 922 1967 981 descendit.
2050 922 2145 982 At
2182 921 2565 983 laudantibus
2591 922 2766 995 Ofili,-

875 1040 972 1080 um
998 1019 1314 1099 plerisque,
1339 1026 1402 1079 et
1439 1026 1665 1077 ceteros
1699 1017 2125 1087 incusantibus,
2153 1017 2257 1096 qui
2291 1016 2369 1079 ad
2398 1037 2766 1081 communem

871 1134 1112 1179 causam
1167 1116 1559 1175 contabantur
1602 1110 1901 1181 accedere,
1954 1113 2085 1191 pari
2132 1113 2459 1173 temeritate
2504 1114 2765 1175 tribunus

871 1210 1112 1288 negavit
1167 1218 1184 1245 ‘
1207 1229 1358 1289 opus
1405 1208 1536 1271 aliis
1586 1206 1751 1267 fore:
1810 1228 1873 1267 se
1922 1209 2082 1269 enim
2133 1207 2229 1269 vel
2287 1208 2475 1269 solum
2529 1210 2606 1269 ad
2658 1212 2767 1271 im·

871 1304 1164 1385 petranda
1211 1306 1340 1365 haec
1395 1314 1518 1365 tam
1569 1306 1741 1383 justa
1792 1301 2096 1363 sufficere!
2178 1303 2301 1363 Sed
2363 1304 2467 1365 ille
2526 1304 2765 1385 quidem

867 1408 994 1459 tam
1048 1400 1322 1461 ferociter
1371 1401 1603 1461 locutus
1654 1400 1715 1459 in
1768 1400 2099 1479 praesentia,
2156 1399 2431 1478 postridie
2480 1416 2763 1481 nusquam

869 1496 1237 1575 comparuit;
1284 1516 1472 1577 neque
1507 1495 1719 1557 rescire
1757 1494 1971 1573 vulgus
2000 1496 2218 1575 potuit,
2248 1494 2392 1574 quid
2430 1516 2504 1555 eo
2544 1496 2765 1563 factum

869 1600 1074 1651 esset.'
2742 1648 2751 1657 .

951 1692 1050 1745 35.
1081 1674 1413 1746 Admonuit
1427 1686 1540 1745 hoc
1553 1683 1891 1765 exemplum
1906 1692 2155 1755 ceteros,
2173 1694 2241 1745 ut
2254 1704 2426 1746 nemo
2445 1706 2595 1746 unus
2614 1708 2763 1769 prsi-

867 1780 1070 1859 cipue,
1099 1780 1208 1841 sed
1243 1780 1555 1855 confertim
1595 1800 1711 1841 uno
1742 1800 1845 1841 ore
1880 1780 2298 1852 acclamarent,
2340 1790 2359 1817 ‘
2383 1782 2535 1841 mitti
2568 1783 2763 1845 velle.’

870 1874 1078 1937 Oaesar
1117 1877 1259 1937 satis
1301 1876 1658 1955 intelligens,
1704 1876 1965 1937 nondum
2011 1877 2237 1937 militiae
2283 1885 2583 1957 pertoesos,
2628 1862 2763 1943 ideo

867 1982 1098 2032 tantu-
1124 1972 1420 2053 postulare
1463 1973 1815 2043 missionem,
1842 1981 1910 2032 nt
1934 1993 1997 2033 se
2022 1971 2203 2053 paulo
2238 1982 2371 2053 post
2402 1993 2537 2035 cum
2566 1977 2761 2035 Anto-

869 2072 968 2129 nio
991 2068 1406 2129 dimicaturum
1447 2069 1540 2144 (id
1581 2070 1739 2128 enim
1766 2066 1891 2127 fore
1916 2067 2061 2128 olim
2087 2070 2437 2148 apparebat)
2480 2068 2761 2134 redimere

867 2184 1107 2245 operam
1151 2182 1354 2223 eorum
1397 2172 1578 2243 atque
1616 2163 2088 2224 benevolentiam
2116 2183 2357 2243 quoquo
2390 2162 2568 2224 modo
2590 2180 2764 2243 coge,-

867 2269 1021 2331 rent,
1065 2260 1304 2320 minime
1339 2259 1669 2321 cedendum
1696 2259 2038 2338 judicavit:
2081 2261 2375 2339 sapienter
2398 2261 2765 2333 existimans,

865 2357 917 2414 si
937 2355 1118 2415 semel
1133 2356 1292 2415 vinci
1311 2376 1514 2437 passus
1529 2362 1704 2426 esset,
1724 2374 2021 2433 nunquam
2038 2354 2289 2415 militum
2308 2354 2607 2415 licentiam
2629 2372 2764 2417 ava-

865 2452 1178 2530 titiumque
1211 2470 1527 2522 cossuram,
1553 2452 1699 2530 quin
1735 2450 1900 2511 aliud
1934 2470 2012 2510 ex
2046 2450 2169 2511 alio
2202 2448 2557 2530 flagitarent.
2638 2451 2763 2531 Igi-

867 2554 963 2604 tur
1003 2547 1376 2603 severitatem
1417 2545 1778 2605 liberalitate
1824 2554 2177 2625 temperans,
2218 2555 2288 2606 ut
2324 2546 2558 2607 diversa
2596 2556 2761 2608 erant

865 2658 1084 2715 genera
1123 2646 1442 2718 aetatesque
1483 2636 1765 2708 militum,
1790 2640 1949 2699 varie
1992 2659 2129 2699 cum
2170 2641 2241 2699 iis
2280 2662 2451 2719 agere
2490 2641 2758 2703 instituit.
2778 2618 2803 2641 ⁴

868 2734 954 2792 Et
981 2733 1334 2793 Mutinensis
1355 2732 1595 2812 quidem
1622 2733 1849 2795 militiae
1872 2735 2069 2805 sociis,
2095 2746 2163 2795 ut
2186 2738 2589 2797 vetustissimae
2612 2737 2761 2815 legi&

863 2850 1040 2891 onum
1087 2832 1268 2910 parti,
1295 2830 1630 2891 missionem
1663 2830 1865 2901 dedit;
1908 2832 2094 2893 nihilo
2136 2834 2325 2895 secius
2360 2833 2761 2898 exsolutorum

863 2927 1106 3006 praemia
1129 2926 1444 3007 pollicitus.
1527 2926 1685 2987 Cum
1724 2928 1785 2988 hi
1828 2928 2223 2991 discessissent
2260 2948 2341 2991 ex
2382 2931 2573 2991 insula
2614 2934 2759 3008 (sw-

861 3023 970 3083 tim
1009 3023 1166 3081 enim
1197 3024 1462 3100 jusserat
1504 3022 1703 3099 avehi)
1744 3024 2045 3103 ceterique
2082 3024 2144 3083 in
2185 3024 2441 3104 petenda
2486 3026 2757 3092 missione

863 3120 1257 3198 persisterent,
1309 3118 1531 3179 dimisit
1585 3138 1784 3179 omnes
1837 3119 1941 3199 qui
1994 3119 2151 3180 dena
2208 3120 2501 3199 stipendia
2549 3122 2757 3202 ‚expler-

861 3216 1131 3283 vissent3
1190 3232 1316 3294 quo
1373 3234 1614 3274 numero
1673 3214 1855 3275 ferme
1904 3224 2094 3285 erant,
2146 3217 2249 3295 qui
2302 3215 2381 3277 ad
2438 3214 2759 3297 Philippos

859 3320 1152 3372 navarent
1189 3330 1449 3391 operam.
1533 3310 1675 3371 Hos
1713 3332 1949 3391 quoque
1990 3310 2279 3373 facessere
2321 3313 2505 3391 jussit
2542 3333 2619 3372 ex
2666 3315 2755 3372 in·

861 3406 1012 3465 sula.

943 3506 1042 3559 36.
1085 3498 1192 3561 Sic
1229 3500 1486 3559 dimissis
1527 3502 1765 3562 circiter
1799 3503 2013 3580 viginti
2056 3502 2341 3573 millibus,
2380 3510 2609 3563 cetoros
2649 3522 2754 3584 pro

858 3598 1140 3657 concione
1168 3596 1532 3669 adhortatus,
1575 3606 1593 3634 ⁶
1614 3618 1687 3658 ne
1716 3597 2021 3680 perfidiam
2048 3618 2162 3658 non
2194 3608 2401 3679 sponte
2438 3599 2751 3679 imperato·

857 3696 938 3753 ris
977 3693 1250 3753 militiam
1287 3694 1683 3756 deserentium
1718 3696 2121 3767 imitarentur‚'
2162 3695 2453 3766 laudavit,
2478 3696 2751 3757 donavit-

857 3807 974 3869 que
999 3790 1308 3869 quingenis
1347 3787 1651 3865 denariis,‘
1680 3814 1785 3874 spe
1828 3795 2063 3873 insuper
2098 3792 2283 3863 facta,
2311 3792 2435 3852 fore
2476 3800 2545 3851 ut
2587 3792 2751 3853 brevi

856 3886 1076 3947 honore
1141 3890 1466 3969 opibusque
1545 3889 1831 3950 cumulati
1894 3888 2347 3949 dimitterentur.
2446 3886 2753 3965 Adiunxit

859 3994 875 4021 ⁸
897 3984 1114 4045 nullius
1139 4006 1338 4047 eorum
1361 4006 1544 4067 opera
1563 3987 1845 4069 deinceps
1867 4006 2125 4059 usurum,
2152 4006 2303 4065 quos
2338 3985 2555 4045 invitus
2572 3981 2749 4043 dimi-

857 4148 1256 4262 1,'c,.‘,²,¹‚‘⁵⁸3‘⁸i⁸
1286 4152 1522 4217 denariis]
1553 4152 1749 4205 Marcis
1778 4152 2098 4204 nostratibus
2119 4154 2170 4203 ’1.
2192 4148 2361 4201 unciis
2396 4152 2449 4199 6.
2482 4148 2746 4239 semuncia
