3159 4959
858 428 1060 476 mum
1110 428 1382 477 oxan.
1427 428 2073 479 surrnssmssurunr.
2400 412 2577 477 5535

367 569 676 648 provinciis
709 562 1082 645 reliquerant,
1109 566 1518 647 respiciebant.
1604 566 1752 625 Erat
1775 576 1839 625 et
1863 568 1987 645 ipse
2030 567 2255 627 Brutus
2280 580 2410 633 Plut.

371 666 446 724 ad
476 662 915 745 periclitandam
939 663 1229 723 fortunam
1254 664 1617 743 propensior,
1645 683 1764 741 quo
1796 664 2131 722 maturrime
2154 662 2252 723 vel

369 760 688 819 restitueret
711 756 1154 839 rempublicam,
1179 758 1276 817 vel
1303 760 1502 817 orbem
1531 766 1811 817 terrarum
1851 757 2129 817 molestiis
2162 766 2255 816 at·

365 874 480 933 que
513 853 690 913 bellis
722 853 964 913 levaret.
1047 852 1448 913 Accesserant
1483 852 1804 931 transfugia
1846 852 2256 911 nonnullorum

367 948 442 1007 ad
469 949 686 1017 hosta,
711 958 776 1007 et
798 947 936 1009 hinc
974 947 1155 1008 etiam
1193 946 1270 1007 de
1312 946 1446 1006 aliis
1483 948 1839 1027 suspiciones
1876 956 1939 1006 et
1976 948 2254 1007 crimina:

365 1045 580 1123 quibus
625 1046 772 1103 moti
793 1050 814 1077 ¹
859 1046 918 1102 in
957 1042 1206 1103 consilio
1249 1043 1420 1103 multi
1463 1045 1783 1103 amicorum
1833 1043 2045 1113 Cassii,
2090 1042 2255 1102 dam-

365 1150 508 1201 nata
540 1142 902 1209 contatione,
933 1140 1107 1199 Bruti
1147 1140 1456 1199 consilium
1495 1139 1896 1218 praetulerunt.
1980 1138 2075 1197 At
2114 1157 2259 1199 unus

365 1254 442 1295 ex
485 1236 728 1295 cohorte
771 1235 948 1294 Bruti
973 1233 1202 1293 Atilius
1239 1234 1506 1312 hyemem
1547 1232 1977 1312 expectandam
1993 1236 2021 1265 ⁸
2060 1252 2259 1293 cense-

369 1332 518 1392 bat:
559 1348 920 1409 cansamque
945 1338 1202 1407 rogatus,
1246 1338 1262 1365 ⁶
1285 1327 1352 1388 Si
1375 1328 1570 1398 nihil:
1607 1329 1817 1407 inquit,
1846 1338 1864 1365 ⁶
1884 1328 2068 1399 aliud,
2094 1338 2260 1389 tanto

368 1431 568 1490 vivam
611 1426 870 1487 diutius!
951 1424 1047 1484 Ea
1085 1444 1204 1485 vox
1241 1422 1484 1485 mirifice
1521 1424 1824 1503 displicuit
1859 1424 2067 1484 Canio
2102 1436 2259 1485 cete-

367 1524 605 1602 risque:
649 1518 1074 1599 decursumque
1109 1540 1180 1579 eo
1217 1529 1326 1590 est,
1362 1528 1429 1579 ut
1461 1529 1756 1599 posterum
1788 1520 1847 1577 in
1876 1518 2034 1578 diem
2065 1539 2262 1599 pugna

369 1618 716 1678 ediceretur.
821 1616 972 1675 Eam
1027 1616 1210 1676 alacri
1265 1614 1488 1677 Brutus
1545 1617 1763 1685 animo,
1832 1615 2023 1674 multa
2088 1635 2263 1696 super

369 1734 535 1773 eoena
571 1734 678 1792 pro
711 1712 978 1791 sapiente
1011 1710 1319 1783 disserens,
1351 1712 1731 1791 expectabat.
1812 1710 2053 1771 Cassius
2086 1712 2263 1771 solito

369 1810 610 1878 tristior,
667 1808 1086 1887 comprehensa
1141 1807 1445 1867 Messalla
1497 1806 1751 1875 dextraz
1816 1817 1834 1843 ⁴
1857 1806 1991 1876 Te,’
2051 1808 2262 1885 inquit,

375 1914 392 1939 ⁸
415 1900 729 1972 Messalla,
753 1912 958 1971 testor,
990 1902 1200 1981 Magni
1227 1902 1508 1983 Pompeii
1541 1902 1669 1962 fato
1708 1920 1805 1969 me
1846 1902 2059 1979 urgeri,
2096 1910 2165 1961 ut
2188 1900 2265 1961 de

372 2000 564 2059 salute
599 1999 806 2079 petriae
841 2018 960 2057 uno
1003 1999 1210 2078 praelio
1245 1997 1578 2058 decernam.
1664 1996 1777 2057 Est
1810 2006 2007 2057 tamen
2048 2000 2109 2057 iu
2148 1998 2265 2058 for·
2386 2012 2391 2017 ·

373 2104 520 2154 tuna
545 2092 811 2153 nonnihil
834 2096 983 2173 spei,
1009 2114 1146 2173 quae
1189 2094 1478 2154 interdum
1515 2093 1673 2154 male
1698 2090 1967 2153 consulta
1988 2095 2248 2173 corrigit.

375 2189 568 2249 Simul
595 2189 872 2248 invitavit
897 2187 1244 2247 Messallam
1266 2189 1343 2247 ad
1364 2208 1591 2248 coenam
1614 2190 1913 2267 sequentis
1928 2187 2069 2258 diei,
2090 2207 2266 2267 quem

369 2285 776 2351 celebraturus
799 2292 928 2341 erat
949 2281 1230 2343 natalem.

321 2368 341 2389 '
459 2386 524 2439 6.
571 2376 734 2436 Dum
771 2378 862 2437 his
885 2378 947 2435 in
987 2379 1196 2437 castris
1227 2377 1356 2435 haec
1393 2388 1693 2454 geruntur,
1724 2376 2040 2447 Antonius,
2068 2378 2265 2436 onmia
2292 2402 2498 2467 Appium.

379 2474 630 2535 volve-s
673 2474 889 2542 auiiuo,
929 2481 995 2531 ut
1037 2472 1112 2541 ad
1157 2470 1422 2552 prelium
1459 2472 1704 2533 eliceret
1744 2474 1955 2544 hostes,
1999 2474 2265 2533 insanum

376 2590 528 2650 opus
553 2568 744 2628 moliri
770 2570 969 2648 coepit,
1011 2570 1238 2627 munita
1263 2588 1368 2648 per
1403 2567 1648 2647 paludes
1666 2570 1790 2637 via,
1826 2569 2263 2630 subvectionem
2287 2580 2414 2629 Plut.
2451 2579 2549 2643 Ap-

378 2684 416 2727 a
455 2665 660 2724 Thaso
703 2672 1130 2723 commeatuum
1175 2662 1553 2742 impediendi.
1656 2662 1871 2741 Igitur,
1916 2672 2137 2723 structa
2180 2664 2267 2723 uti
2286 2646 2419 2710 pinu.

377 2780 534 2841 saepe
575 2767 960 2819 consueverat
999 2758 1150 2829 acie,
1181 2758 1339 2817 elam
1385 2758 1518 2817 iude
1557 2758 1863 2818 subductis
1904 2760 2266 2829 cohortibus,

382 2855 512 2915 dies
537 2862 856 2932 noctesque
881 2870 1108 2913 summo
1133 2852 1368 2911 silentio
1391 2854 1641 2930 urgebat
1666 2855 1981 2934 inceptum.
2064 2854 2269 2913 Arun-

383 2950 518 3014 dine
539 2950 774 3010 detecta
790 2950 1128 3027 jaciebatur
1145 2966 1344 3027 agger,
1373 2957 1456 3018 et,
1480 2968 1554 3009 ne
1577 2948 1938 3009 dilaberetur
1955 2950 2017 3008 in
2043 2949 2272 3010 lubrica

383 3046 660 3123 voragine
721 3044 953 3113 humus,
1005 3044 1298 3123 utrimque
1358 3043 1769 3104 includebatur
1820 3046 2114 3105 macerie:
2167 3046 2269 3105 ubi

385 3139 727 3221 profundior
750 3147 879 3198 erat
905 3138 1096 3219 palus,
1134 3137 1357 3198 vallum
1387 3138 1785 3217 injiciebatur,
1812 3148 1873 3198 et
1897 3150 2105 3219 pontes
2128 3148 2269 3199 ster-

387 3239 695 3297 nebantur.
776 3233 998 3313 Neque
1023 3234 1284 3313 conspici
1315 3235 1392 3293 ab
1423 3234 1595 3294 hoste
1628 3235 1954 3294 munientes
1977 3244 2271 3315 poterent,

388 3334 608 3412 quippe
633 3330 853 3389 relictis
876 3330 954 3389 ab
981 3329 1137 3387 omni
1170 3336 1336 3409 parte
1368 3330 1528 3388 circa
1563 3328 1720 3389 viam
1756 3329 2115 3391 arundinetis
2139 3350 2273 3410 pro·

387 3428 758 3507 tegebantur.
827 3423 1056 3485 Decem
1076 3424 1286 3483 diebus
1308 3424 1421 3484 hoc
1445 3423 1771 3505 perfectum
1795 3445 1943 3506 opus
1964 3435 2053 3486 est
2077 3446 2092 3486 ε
2134 3426 2273 3485 inde

392 3544 497 3603 per
531 3530 762 3583 noctem
791 3518 1100 3601 expedites
1121 3520 1390 3581 cohortes
1411 3530 1826 3593 transcurrere,
1862 3530 1944 3592 et,
1971 3524 2277 3602 occupatis

395 3617 764 3678 ulteria-ibus
786 3616 954 3685 locis,
989 3616 1240 3677 excitari
1264 3617 1470 3676 crebra
1491 3618 1739 3677 castella
1751 3619 1951 3697 jussit.

477 3718 538 3776 7.
580 3712 832 3773 Secutus
871 3720 962 3773 est
991 3710 1140 3783 dies,
1186 3712 1245 3771 in
1294 3732 1469 3793 quem
1513 3734 1773 3794 pugnare
1810 3714 2055 3775 Cassius
2097 3724 2277 3795 atque

399 3810 622 3869 Brutus
643 3808 1080 3869 constituerant.
1165 3806 1404 3868 Idcirco
1428 3810 1619 3889 prima
1644 3809 1777 3869 luce
1802 3811 2056 3890 puniceo
2072 3811 2278 3889 sagulo
2301 3828 2429 3882 Plut.

399 3906 692 3985 proposito
730 3902 1010 3963 admoniti
1056 3910 1190 3961 sunt
1223 3901 1476 3962 milites:
1520 3912 1581 3961 et
1617 3905 1809 3964 medio
1850 3904 1999 3964 inter
2035 3916 2276 3984 utraque

397 4010 590 4061 castra
621 4000 814 4080 spatio
849 3996 1142 4074 congressi
1179 3998 1556 4077 imperatores
1586 4018 1917 4079 supremum
1952 4000 2278 4063 salutarunt
2307 4018 2431 4069 Flor.
2468 4018 2597 4072 Plut.

726 4192 752 4236 1
789 4184 1065 4235 omittitur
1087 4183 1137 4233 in
1155 4184 1277 4235 edd.
1299 4182 1420 4234 ante
1441 4188 1593 4237 Crer.
1622 4202 1719 4238 vox
1740 4190 1873 4239 moti.

728 4256 761 4301 2
795 4250 1060 4315 Expectare
1083 4250 1203 4300 edd.
1225 4258 1344 4301 ante
1369 4252 1521 4301 Crer.
