3159 4959
840 396 1042 445 unm
1095 396 1366 447 oxx1V.
1409 396 2059 451 aversanam-un.
2388 387 2563 455 5633

338 544 504 609 rant,
537 546 598 597 et
629 536 912 599 militibus
945 537 1024 599 ad
1059 538 1416 599 sacrificium
1453 540 1761 620 paululum
1798 540 2075 603 frumenti
2100 561 2237 603 cum

339 730 540 789 sordes
571 730 822 789 hostium
853 730 1254 803 traducerent,
1291 731 1640 793 lustratione
1680 734 1977 793 exercitus
2023 734 2081 793 in
2130 755 2235 815 pa·-

337 826 600 885 tentibus
654 826 883 905 campis
931 826 1214 898 instituta,
1275 826 1647 889 victimarum
1710 828 1945 889 uberem
2000 832 2235 910 copiam

331 941 442 999 per
473 921 828 1001 manipulos,
858 929 920 983 et
948 922 1220 983 denarios
1249 923 1468 985 viritim
1499 925 1925 1004 quinquaginta
1954 924 2233 985 distribu-

329 1026 520 1077 erant.

411 1118 474 1171 2.
522 1110 618 1170 Eo
657 1120 921 1191 tempore
967 1130 1186 1173 saevum
1233 1132 1404 1173 omen
1452 1112 1721 1171 oblatum
1766 1112 1975 1175 Cassio
2020 1114 2230 1175 ferunt.
2256 1134 2553 1204 Ju1.0b·0q.

327 1206 528 1275 Nam,
557 1209 708 1267 inter
727 1206 1116 1277 lustrandum,
1137 1206 1311 1269 lictor
1331 1209 1614 1288 perversis
1637 1208 1895 1269 fascibus
1908 1208 1931 1243 '³
1972 1200 2233 1271 lauream
2256 1200 2383 1311 ¹:¹4⁸*
2404 1200 2520 1276 3³³⁰·

325 1304 632 1383 imposuit.
715 1302 868 1365 Alia
891 1322 1123 1381 quoque
1147 1302 1368 1363 circum
1395 1302 1502 1361 illa
1525 1312 1790 1383 tempora
1812 1313 1949 1365 sunt
1988 1314 2231 1365 annota-
2254 1343 2305 1391 p.
2322 1280 2503 1380 ω’

321 1406 392 1457 ta
420 1397 616 1457 multa
643 1396 931 1477 prodigia.
1011 1397 1181 1457 Puer
1205 1397 1266 1457 in
1295 1418 1510 1479 pompa
1537 1398 1821 1459 Victoriae
1846 1400 2011 1459 cultu
2057 1399 2227 1461 ador-

321 1503 528 1564 natus,
555 1492 779 1553 ferculo
807 1492 1046 1553 decidit.
1133 1492 1373 1553 Ferales
1398 1506 1629 1555 aveset
1662 1494 2047 1556 cadaveribus
2070 1497 2353 1564 veseis-21.
2369 1514 2549 1580 obseq.

319 1589 546 1661 solitae,
571 1608 748 1669 supra
771 1598 966 1649 castra
989 1590 1298 1668 gregatim,
1325 1600 1390 1651 ut
1416 1591 1522 1651 alii
1551 1590 1763 1651 volunt
1779 1612 1913 1653 cum
1940 1594 2227 1655 horrendo
2250 1576 2366 1689 gig
2404 1658 2460 1691 Π
2494 1647 2527 1693 7

319 1686 598 1755 stridore,
647 1694 714 1744 ut
753 1685 1072 1765 Appianas
1115 1687 1267 1745 tristi
1324 1686 1562 1747 silentio
1622 1688 2029 1759 consederunt,
2092 1708 2225 1751 cum
2252 1676 2380 1755 Dio:
2406 1676 2511 1770 Ag}-
2530 1678 2545 1693 ”

318 1783 476 1843 inter
503 1780 544 1840 J
547 1780 772 1841 ulianos
794 1780 973 1841 nullae
991 1782 1482 1860 conspicerentur.
1566 1784 1867 1845 Examina
1885 1804 2025 1845 vero
2044 1804 2223 1865 apum
2249 1770 2377 1833 ΡΜ·

318 1879 603 1939 continue
643 1887 780 1939 sunt
824 1877 1184 1957 deprehensa
1223 1878 1284 1938 in
1331 1880 1520 1941 Cassii
1567 1880 1807 1941 castris:
1851 1880 2031 1959 idque
2074 1879 2224 1939 adeo

315 1973 520 2035 dirum
543 1981 836 2035 ostentum
860 1973 1152 2043 habitum,
1179 1982 1246 2033 ut
1269 1974 1595 2055 haruspicis
1618 1975 1863 2045 monitu,
1886 1973 2046 2037 vallo
2070 1975 2217 2035 inte·
2242 1992 2343 2045 Jul.
2360 1994 2541 2061 Obu‘l·

315 2071 438 2131 rius
461 2068 666 2141 ducto,
692 2069 859 2130 locus
878 2068 1379 2131 intercluderetur.
1465 2070 1552 2129 Et
1575 2069 1763 2152 pridie
1790 2091 1967 2149 quam
1994 2090 2217 2151 pugna·
2242 2056 2543 2173 Rfftftpm·

315 2175 444 2227 tum
471 2175 584 2235 est,
611 2164 770 2237 duae,
795 2182 932 2243 quae
971 2164 1254 2225 hactenus
1289 2166 1615 2225 exercitum
1640 2166 1936 2227 comitatae
1962 2166 2219 2236 fuerant,

315 2260 568 2340 aquilae,
605 2259 1024 2320 avolaverunt:
1066 2259 1450 2337 sequentique
1485 2266 1657 2319 nocte
1696 2268 1987 2337 spectrum
2028 2258 2220 2319 idem‘

313 2374 378 2417 se
403 2352 630 2415 obtulit
657 2354 874 2423 Bruto,
899 2351 1061 2432 qaod
1085 2352 1384 2429 trajiciens
1406 2372 1484 2413 ex
1511 2352 1668 2417 Asia
1690 2352 1932 2415 v'iderat.

399 2457 464 2511 3.
511 2448 634 2509 Sed
659 2456 722 2509 et
747 2447 962 2509 Romae
985 2448 1095 2508 sub
1119 2447 1276 2509 idem
1303 2443 1532 2528 tempus
1570 2458 1964 2529 apparuerunt
1999 2449 2211 2523 multa,
2238 2464 2352 2516 Dio.

314 2554 381 2607 ut
405 2544 696 2607 creditum
723 2554 834 2617 est,
859 2543 1144 2628 praesagia
1173 2542 1512 2605 futurorum.
1598 2540 1704 2605 Sol
1742 2544 2061 2625 aliquando
2095 2547 2206 2609 mi·
2232 2530 2335 2581 ³¹¹¹·
2356 2531 2535 2595 ΟΜΝ·

315 2642 478 2703 nima
527 2639 950 2717 magnitudine,
1003 2658 1416 2718 nonnunquam
1475 2640 1741 2701 maxima
1798 2660 1862 2700 se
1916 2641 2209 2705 ostendit:

313 2738 456 2816 quin
487 2747 552 2799 et
589 2745 766 2799 noctu
807 2738 892 2797 sic
935 2734 1174 2805 effulsit,
1203 2743 1270 2795 ut
1311 2744 1593 2813 tanquam
1632 2736 1731 2797 die
1772 2745 1902 2797 orto
1944 2736 2019 2797 ad
2062 2758 2214 2817 opus

189 2874 199 2886 -
313 2843 663 2911 surgeretur.
749 2832 1082 2895 Monstrum
1121 2830 1389 2901 biforme,
1435 2834 1609 2910 cujus
1652 2832 1969 2893 anteriores
2018 2843 2214 2913 partes

315 2947 556 3007 equum,
599 2928 944 3009 posteriores
983 2926 1206 2987 mulum
1245 2925 1546 2997 referrent,
1589 2926 1750 2987 mula
1786 2927 2031 3007 peperit.
2116 2927 2213 2990 De

313 3025 460 3087 coelo
483 3026 770 3107 pleraque
797 3034 959 3087 tacta
982 3033 1140 3095 sunt,
1165 3032 1227 3085 et
1253 3023 1402 3087 inter
1427 3023 1556 3083 haee
1594 3042 1698 3085 ara
1734 3022 1905 3085 Jovis
1930 3023 2211 3089 Victoris.

319 3120 508 3183 Faces
561 3124 622 3183 in
663 3122 816 3183 coelo
851 3121 1028 3181 visae:
1073 3118 1308 3182 auditus
1344 3118 1589 3197 clangor
1626 3120 1925 3191 tubarum,
1964 3129 2027 3179 et
2064 3129 2209 3179 stre-

313 3219 468 3297 pitus
494 3238 810 3288 armorum,
837 3226 900 3277 et
923 3216 1147 3277 clamor
1171 3215 1559 3284 exercituum,
1587 3234 1665 3275 ex
1694 3214 1947 3275 Caesaris
1977 3224 2039 3274 et
2073 3214 2209 3275 An·-

314 3316 456 3377 tonii
501 3314 705 3374 hortis.
791 3314 1020 3373 Canem
1061 3310 1264 3369 aeditni
1305 3316 1597 3369 mortuam
1637 3308 1803 3370 canis
1848 3309 1925 3369 ad
1974 3308 2209 3371 Cereris

317 3411 602 3493 templum
647 3408 852 3479 traxit,
897 3406 1226 3486 effossaque
1267 3403 1519 3487 pedibus
1561 3405 1761 3477 humo,
1809 3415 2091 3485 tanquam
2142 3408 2207 3475 in

313 3508 580 3587 sepulcro
617 3504 905 3566 condidit.
989 3502 1195 3566 Infans
1225 3522 1367 3563 cum
1410 3501 1576 3565 denis
1620 3502 1682 3563 in
1727 3512 1977 3583 utraque
2008 3522 2199 3565 manu

378 3697 403 3725 ⁸
457 3688 682 3739 Deam-ii·
732 3684 912 3753 quinis]
998 3684 1217 3749 Argenti
1287 3690 1401 3734 erat
1418 3682 1863 3749 peruersisfusciiu
1897 3683 1948 3735 id
1988 3692 2087 3742 est,
2119 3685 2197 3735 in-

314 3756 504 3818 grossis
531 3754 842 3801 nostratibus
865 3756 914 3800 5.
980 3750 1220 3800 nem-iu
1291 3749 1451 3799 versis
1473 3747 1665 3809 fasciis,
1682 3748 1862 3813 quibus
1882 3762 2071 3797 corona
2089 3751 2195 3798 lau-

315 3850 330 3863 .
351 3850 366 3867 .
386 3853 401 3868 .
420 3818 784 3881 quinquagent«.
887 3814 1080 3865 Uncian
1137 3830 1218 3864 ar·
1287 3827 1380 3863 rea
1401 3815 1631 3862 revincta
1652 3822 1785 3861 erat.
1818 3814 1959 3861 Creo.

315 3887 454 3945 genti
509 3888 767 3933 nostrates
809 3884 861 3931 6.
916 3893 1119 3943 grossos
1163 3882 1214 3928 Β.
1351 3884 1374 3910 ⁸
1529 3877 1714 3940 entique
1768 3882 1903 3925 noete
1956 3882 2199 3943 spectrum·

317 3946 452 3997 Creo.
1280 3941 1430 4004 idem]
1513 3940 1790 3993 lutarclius,
1816 3938 1979 3987 Bruto
2003 3948 2055 3989 et
2083 3940 2194 3989 (ἰω-

373 4010 395 4046 *
431 4010 676 4061 perversis
701 4006 942 4069 fascibus]
980 4005 1067 4056 Ita
1105 4004 1216 4065 qni·
1287 4018 1426 4059 aare,
1461 4012 1519 4053 et
1551 4002 1841 4066 Appianus,
1882 4002 2005 4051 inud
2045 4019 2193 4067 spec-

315 4072 427 4125 dem
471 4077 662 4139 legitur
701 4073 840 4139 apud
882 4072 991 4123 Jul.
1046 4069 1214 4121 Obse-
1286 4076 1604 4129 trouu-ruite
1640 4076 1951 4131 postremam
1987 4066 2188 4119 demum

315 4146 566 4201 quentem.
634 4140 736 4188 Sed
775 4136 898 4202 quid
945 4134 1106 4184 fasces
1148 4134 1212 4182 ad
1286 4132 1440 4184 Bruti
1465 4146 1707 4196 pugnam,
1742 4130 1791 4178 el
1826 4130 2009 4180 iterum
2034 4148 2191 4197 appa.

317 4202 574 4255 lauream?
639 4204 835 4268 Forsan
855 4201 1106 4265 scriptum
1129 4196 1213 4249 fu·
1285 4198 1468 4257 ruisse,
1490 4204 1729 4247 auctores
1751 4202 1886 4246 sunt.
1923 4198 2060 4249 Creu.
