3159 4959
560 367 742 432 5732
1003 381 1038 415 -·
1536 380 1607 426 τ.
1659 377 1844 426 mvn

976 530 1036 582 ὁ.
1080 519 1273 600 Igitur
1300 518 1528 591 Caesar,
1556 527 1623 579 ut
1649 519 1871 578 minore
1899 535 2128 576 suorum
2165 516 2428 596 periculo
2453 535 2577 576 rem
2601 514 2802 580 confi«

894 625 1076 688 ceret,
1104 618 1295 695 ignem
1324 615 1519 674 afferri
1530 616 1713 693 jussit
1741 635 1776 674 e
1789 611 2023 685 castris,
2050 633 2172 692 quo
2199 611 2428 670 auxilio
2453 619 2630 671 antea
2655 614 2787 672 abs-

896 713 1105 782 tinere,
1150 731 1225 770 ne
1262 710 1463 791 praeda
1486 708 1994 789 corrumperetur„
2005 709 2389 800 cogitaverat.
2469 705 2622 766 Tum
2649 727 2791 767 vero

898 808 1114 887 passim
1163 827 1202 866 a
1245 806 1602 866 Caesarianis
1656 807 1830 883 ignes
1865 805 2050 862 variis
2089 804 2337 882 ingeniis
2365 803 2539 896 jacti.
2622 801 2790 861 Nam

580 919 701 1030 vVir
662 935 748 982 nug
766 916 877 964 AEn.
902 913 1109 986 praeter
1128 904 1343 981 jacula
1378 903 1562 982 ignita
1599 903 1880 982 facesque
1915 911 2090 963 nianu
2127 889 2349 980 jactas,
2376 901 2636 962 vascnl‘a
2646 917 2792 979 quo-

580 999 685 1094 D¹i¹0¹
668 987 839 1032 ²⁶⁶⁹*
890 1019 1019 1078 que
1064 999 1225 1079 pice
1216 996 1451 1059 referta
1484 1019 1557 1058 ac
1595 1000 1851 1058 carbone
1879 987 2184 1057 tormentis
2223 997 2628 1057 vibrabantur.
2711 995 2796 1054 Bt

685 1081 698 1094 ’
892 1101 1266 1174 quanquam,
1295 1095 1457 1154 dulci
1494 1096 1654 1173 prius
1691 1113 1850 1172 aqua
1885 1102 2214 1184 consumta,
2261 1091 2472 1150 deinde
2509 1091 2796 1149 marinam

906 1189 1281 1249 infunderent
1300 1191 1646 1260 extincturi‚
1667 1189 1802 1270 plus
1821 1190 2150 1270 augebatur
2167 1185 2526 1257 incendium,
2545 1187 2699 1246 vires
2715 1203 2794 1243 ex

894 1286 1078 1346 salsa·
1104 1305 1263 1365 aqua
1296 1286 1664 1366 capientibus
1705 1285 1972 1344 flammis.
2035 1284 2194 1342 Tum
2229 1303 2392 1354 vero,
2433 1301 2569 1342 cum
2601 1283 2800 1341 omnia

897 1383 1167 1462 experiri
1192 1383 1509 1441 necessitas
1532 1388 1791 1458 cogeret,
1817 1379 2163 1440 centonibus
2193 1377 2552 1457 arque-aueo
2589 1395 2796 1456 corpo-

912 1478 1073 1536 ribus
1098 1477 1421 1536 occisorum
1446 1477 1680 1555 injectis
1705 1473 1980 1534 suffocari
2004 1475 2164 1534 visus
2181 1483 2272 1533 est
2293 1474 2482 1551 ignis:
2527 1473 2633 1532 sed
2659 1493 2799 1534 mox

912 1571 1085 1634 victis
1104 1591 1239 1651 quae
1262 1571 1634 1641 obstiterant,
1661 1579 1838 1630 vento
1873 1589 2108 1649 quoque
2137 1570 2554 1639 exsuscitante,
2583 1569 2800 1648 impor-

914 1668 1107 1727 tunior
1128 1665 1340 1725 eluxit.

992 1769 1053 1821 6.
1102 1760 1293 1839 Igitur
1336 1759 1735 1840 multiplicato
1781 1769 1940 1820 metu
1977 1762 2180 1819 mortis
2227 1761 2569 1831 exsternati,
2614 1760 2804 1820 donec

906 1857 1157 1937 quidem
1174 1876 1319 1937 pars
1344 1855 1546 1935 aliqua
1572 1857 1742 1916 navis
1767 1855 2034 1926 ardebat,
2069 1857 2480 1937 repugnabant
2513 1857 2805 1928 incendio,

908 1953 1087 2033 qnasi
1110 1955 1437 2033 ‘capot-um
1476 1953 1721 2031 objectu
1761 1954 1944 2012 arceri
1982 1962 2200 2032 posset,
2227 1952 2514 2013 caedendo
2547 1953 2804 2026 tabulas,

782 2104 791 2113 .
917 2047 1319 2109 tran-fando
1346 2067 1562 2118 enen,
1591 2057 1696 2109 aut
1715 2049 1780 2106 in
1805 2063 1987 2118 mare,
2028 2047 2320 2108 interdum
2354 2049 2414 2106 in
2439 2049 2600 2129 ipsos
2625 2050 2805 2108 etiam

909 2147 1112 2207 houm
1130 2143 1519 2216 immittendo,
1548 2153 1618 2204 ut
1639 2145 1738 2205 vel
1861 2141 2240 2210 lederentur.
2326 2144 2636 2225 Emnt‘q'ui
2655 2155 2807 2204 sem·

910 2261 1029 2321 -per
1050 2255 1113 2300 se
1138 2242 1485 2320 recipientes
1506 2243 1568 2300 in
1593 2261 1670 2300 ea
1693 2239 1850 2310 loca,
1873 2234 2279 2319 quonondum
2297 2241 2454 2319 ignis
2471 2243 2808 2320 penca-ave-

922 2347 1041 2409 rat,
1078 2338 1347 2397 manibus
1388 2337 1592 2396 ferreis
1626 2335 2066 2418 contorutnque·
2087 2337 2534 2400 meis-hostiles
2559 2329 2811 2398 'retinere

923 2453 1105 2493 naves
1126 2452 1353 2492 summa
1370 2433 1748 2492 contentione
1774 2432 2112 2492 laborarent
2139 2452 2157 2491 ε·
2200 2433 2342 2492 utin
2365 2435 2471 2492 has
2495 2427 2815 2494 insilientes

925 2538 1031 2588 aut
1054 2529 1303 2588 salutem
1328 2537 1822 2606 consequerentur
1855 2549 1931 2587 ex
1963 2530 2236 2600 victoria,
2279 2539 2405 2600 aut,
2445 2530 2495 2588 si
2529 2547 2646 2588 una
2684 2549 2813 2609 per-

926 2624 1065 2684 dere
1116 2625 1383 2683 inimiccs
1434 2625 1780 2703 potuissent,
1823 2623 2100 2684 solatium
2151 2627 2373 2685 mortis.
2475 2625 2568 2684 Ut
2619 2635 2813 2688 autem

928 2718 1090 2778 leves
1116 2715 1369 2777 Caesaris
1392 2737 1573 2778 naves
1599 2719 1922 2798 periculum
1951 2719 2126 2780 facile
2149 2723 2500 2799 effugerunt,
2523 2731 2585 2781 et
2609 2721 2816 2780 arden-

930 2814 1079 2872 tium
1104 2813 1377 2874 tabulata
1400 2834 1473 2874 ac
1508 2813 1696 2874 latera
1725 2815 1804 2874 ad
1839 2817 2027 2895 ipsam
2065 2837 2248 2896 usque
2281 2819 2544 2877 carinam
2575 2817 2820 2897 depasta

928 2907 1192 2980 flamma,
1232 2909 1429 2969 locum
1454 2929 1577 2988 quo
1607 2909 2000 2970 concederent
2025 2912 2184 2972 ultra
2209 2931 2324 2972 non
2351 2913 2635 2973 habentes
2658 2913 2821 2974 affla-

929 3005 1079 3072 bat3
1122 3006 1463 3065 miserrimis
1494 3007 1830 3066 hominibus
1863 3007 2222 3084 gravissimam
2258 3009 2628 3070 calamitates
2665 3011 2824 3069 incu-

931 3102 1203 3162 buerunt.

1016 3204 1075 3260 7.
1122 3196 1371 3269 Multos,
1397 3208 1459 3257 et
1482 3197 1782 3279 praecipue
1807 3207 2039 3270 nautas,
2081 3201 2336 3262 intactos
2369 3203 2564 3264 adhuc
2591 3205 2710 3283 igni
2738 3203 2828 3263 fu-

936 3303 1337 3380 mus'enecat:
1380 3293 1485 3354 alii
1512 3295 1768 3354 medium
1797 3297 1946 3356 inter
1971 3297 2310 3362 incendium
2335 3307 2616 3380 tanquam
2643 3301 2700 3359 in
2728 3321 2829 3359 ca-

936 3390 1096 3446 mino
1123 3396 1391 3446 assantur
1414 3408 1429 3446 z
1472 3388 1702 3448 videres
1723 3392 1906 3449 etiam
1934 3413 2081 3472 quos
2105 3395 2255 3474 ipsa,
2295 3417 2428 3474 quae
2455 3395 2676 3456 tuendo
2702 3415 2828 3455 cor-

942 3483 1069 3560 pori
1110 3492 1453 3554 sumserant,
1480 3503 1646 3544 uma
1683 3488 1986 3566 conceptis
2019 3489 2248 3567 ignibus
2285 3500 2587 3553 torrerent.
2671 3493 2830 3559 Quae

940 3580 1045 3654 qni
1087 3579 1451 3654 abjecerunt,
1498 3582 1727 3640 eminus
1766 3584 2020 3643 hostium
2063 3586 2198 3644 telis
2239 3589 2831 3650 convulnerabantur.

944 3671 1048 3732 Ne
1075 3672 1312 3752 quidem
1348 3675 1405 3732 in
1450 3695 1610 3734 mare
1647 3676 1954 3740 desiluisse
1989 3682 2304 3760 proderat:
2345 3704 2482 3744 cum
2511 3685 2662 3744 alios
2686 3687 2833 3746 hau-

943 3769 1083 3827 riret
1110 3769 1292 3839 unda,
1319 3771 1435 3830 vel·
1464 3772 1784 3834 incidentia
1823 3775 1946 3836 tela
1983 3779 2133 3840 inter
2167 3779 2326 3859 ipsas
2361 3802 2548 3860 aquas
2582 3781 2836 3842 confice-

946 3873 1107 3924 rent:
1152 3886 1289 3945 pars
1312 3887 1349 3928 a
1374 3868 1616 3928 marinis
1638 3869 1855 3932 belluis
1885 3874 2212 3954 intercepta
2242 3876 2614 3936 laceraretur.
2685 3877 2836 3948 Soli,

948 3971 1015 4020 ut
1040 3959 1149 4021 tali
1178 3971 1462 4044 tempore,
1486 3966 1718 4032 mitiore
1745 3967 1868 4027 fato
1895 3972 2214 4050 perierunt,
2241 3972 2342 4050 qui
2369 3973 2706 4053 priusquam
2730 3975 2842 4032 ista

950 4066 1307 4134 paterentur,
1362 4060 1581 4120 mutuis
1632 4063 1996 4135 vulneribus,
2050 4075 2156 4125 aut
2199 4087 2306 4127 sua
2349 4087 2524 4127 manu
2571 4070 2838 4148 peremti,

950 4152 1272 4230 simplicem
1316 4165 1583 4227 mortem,
1621 4167 1684 4216 et
1717 4159 1774 4216 in
1815 4159 1953 4239 ipsis
1992 4163 2242 4221 navibus
2275 4164 2394 4222 suis
2418 4165 2652 4223 bustum
2679 4165 2841 4225 inve-
