3159 4959
860 447 1065 498 mam
1116 446 1466 500 cxxxur.
1508 449 2152 498 seremanni-run.
2437 427 2636 506 5⁷58.

472 594 571 652 54.
614 591 905 671 Antyllus
944 591 1154 653 deinde
1184 593 1355 670 jussu
1400 591 1656 652 Caeaaris
1689 593 1886 652 statim
1912 592 2284 652 interfectus:
2313 602 2428 652 Dio.
2451 603 2584 652 Plut.

392 706 503 748 nec
528 687 768 768 profuit,
796 688 957 767 quod
998 687 1183 750 filiam
1220 690 1355 767 ejus
1394 687 1792 769 desponderat
1814 688 1981 759 olim,
2009 697 2072 747 et
2099 689 2158 747 in
2183 687 2289 748 de·
2313 669 2546 784 ⁰3:20³·

392 782 623 842 lubrnm
662 783 915 843 caesaris
948 783 1314 860 confugerat.
1400 782 1479 843 Id
1520 785 1746 844 Caesari
1792 785 1988 864 priori-
2005 793 2290 863 tanquam
2313 797 2442 861 Aug.
2459 801 2543 848 ⁶8.
2562 777 2614 845 οὶ

396 878 593 938 Heroi
640 899 677 937 a
720 879 1049 959 Cleopatra
1099 887 1406 954 structum,
1450 882 1561 939 sub
1615 879 1876 940 Caesarei
1921 881 2152 940 nomine
2185 879 2288 940 diu
2316 866 2398 912 ¹⁷·
2433 860 2548 910 οἷο·

393 983 599 1052 postea
641 975 949 1054 superfuit,
986 974 1179 1035 donec
1218 983 1351 1054 post
1388 977 1936 1053 octingentesimum
1975 997 2014 1034 a
2053 975 2292 1044 Christo

392 1080 535 1130 nato
572 1069 843 1140 annum,¹⁵
868 1070 1109 1140 fortuito
1143 1069 1416 1130 incendio
1440 1070 1844 1149 conflagraret.
1923 1070 2292 1142 Theodorus,
2319 1089 2455 1138 Plut.

394 1167 753 1246 paedagogus
776 1167 931 1245 ejus,
954 1165 1228 1246 idemque
1261 1167 1547 1246 proditor,
1572 1188 1708 1227 cum
1744 1167 2070 1228 detractam
2095 1170 2294 1230 occiso

392 1265 711 1342 pretiosam
740 1283 1031 1342 gemmam
1065 1264 1211 1322 vesti
1246 1283 1366 1323 suae
1410 1265 1652 1324 insuisse
1695 1274 1828 1344 post
1873 1263 2296 1327 inficiationem

394 1359 703 1418 convictus
728 1368 902 1429 esset,
942 1359 1003 1417 in
1042 1378 1281 1420 crucem
1311 1368 1479 1420 actus
1522 1381 1722 1440 poenas
1761 1359 1971 1440 perfidi
2014 1361 2294 1438 avarique

396 1455 577 1515 animi
601 1454 788 1514 dedit.
852 1455 1077 1535 Neque
1105 1457 1391 1515 amantior
1418 1457 1746 1516 caesarioni
1771 1455 2128 1537 paedagogus
2153 1477 2293 1516 con·
2320 1465 2480 1516 Dicet
2489 1464 2620 1516 Plnt.

396 1553 613 1630 tigerat
640 1549 925 1620 Rhodon,
952 1552 1055 1629 qui
1084 1571 1241 1621 eum,
1270 1561 1337 1611 ut
1366 1552 1590 1612 Caesari
1619 1552 1896 1624 traderet,
1923 1554 2190 1612 revocari
2217 1553 2294 1615 ab

398 1669 470 1708 eo
496 1647 574 1708 ad
617 1667 859 1726 regnum
900 1646 1147 1726 fingens,
1193 1668 1271 1708 ex
1316 1649 1649 1730 AEthiopia,
1676 1670 1780 1728 per
1821 1669 1999 1728 quarn
2034 1669 2073 1709 a
2107 1657 2294 1710 matre

397 1764 533 1819 cum
570 1763 785 1821 magno
822 1745 947 1802 auri
985 1743 1243 1824 pondere
1272 1744 1331 1802 in
1360 1743 1598 1804 Indiam
1635 1747 2000 1816 mittebatur,
2027 1746 2295 1807 retraxit.

400 1839 733 1900 Antonium
768 1841 995 1899 interea
1026 1839 1231 1899 multis
1271 1840 1507 1918 regibus
1548 1849 1728 1920 atque
1755 1842 2006 1903 ducibus
2029 1841 2298 1901 funerare
2323 1849 2455 1899 Pht.

400 1936 795 2017 cupientibus,
824 1956 939 1995 non
964 1936 1225 2014 permisit
1251 1935 1476 2007 Caesar,
1506 1937 1843 2017 Cleopatrae
1868 1937 2300 2016 qualecumque

401 2033 672 2094 solatium
700 2053 980 2093 servans:
1024 2032 1249 2112 illaque
1274 2035 1397 2091 suis
1418 2053 1553 2092 eum
1578 2035 1852 2094 manibus
1870 2035 2058 2111 regali
2079 2043 2298 2106 sumtu,
2325 2044 2625 2098 DioetPlut.

401 2128 550 2190 nibil
577 2130 919 2208 prohibente
948 2129 1207 2200 Caesare,
1234 2128 1487 2209 sepeliit.

484 2232 581 2285 55.
624 2225 746 2285 Tot
794 2225 1095 2286 doloribus
1150 2225 1446 2296 confecta,
1501 2225 1808 2307 luctuque,
1854 2235 1916 2285 et
1957 2226 2302 2288 exulcerato
2326 2242 2460 2292 Plut-

402 2332 767 2402 contusoque
791 2322 1201 2402 frequentibus
1226 2324 1420 2404 plagis
1445 2331 1706 2403 pectore,
1732 2343 1868 2382 cum
1895 2324 1955 2382 in
1979 2323 2186 2383 febrim
2215 2324 2305 2384 in·

404 2419 665 2490 cidisset,
694 2439 799 2498 per
824 2439 1062 2478 causam
1088 2422 1221 2499 ejus
1247 2419 1437 2478 morbi
1478 2420 1932 2486 ciboabstinere
1957 2422 2158 2500 coepit,
2180 2421 2306 2480 ine·

404 2515 510 2577 dia
528 2516 677 2574 mori
702 2515 949 2596 cupiens
969 2535 985 2582 ;
1030 2516 1185 2575 sicut
1199 2514 1508 2574 familiaris
1526 2517 1655 2594 ejus
1681 2515 1945 2576 medicus
1965 2515 2305 2596 Olympius,

405 2613 509 2692 qui
534 2621 659 2671 tum
687 2612 997 2690 aegrotanti
1022 2611 1215 2682 affuit,
1230 2612 1511 2691 scriptum
1532 2611 1772 2694 reliquit
1785 2613 1843 2670 in
1864 2613 2304 2683 commentario,

406 2728 583 2787 quem
612 2717 819 2789 postea
839 2708 915 2767 de
942 2707 1118 2767 rebus
1156 2707 1281 2768 istis
1316 2707 1517 2767 edidit.
1607 2708 1726 2768 Sed
1769 2708 2144 2788 interpellata
2167 2708 2307 2770 soli·

406 2803 667 2864 citudine
695 2804 973 2875 Caesaris,
1004 2803 1269 2884 iramque
1308 2806 1461 2883 ejus,
1487 2825 1559 2863 ne
1601 2803 1752 2864 forte
1793 2805 1853 2863 in
1885 2804 2101 2868 liberos
2123 2823 2304 2884 expc-

408 2907 581 2970 teret,
628 2909 915 2971 metuens,
960 2919 1163 2959 curam
1216 2901 1475 2979 corporis
1518 2901 1904 2960 intermissam
1943 2899 2306 2980 aliquamdiu

410 2997 697 3057 resumsit.
782 2994 938 3054 Cum
982 2993 1197 3054 deinde
1245 2994 1499 3054 Caesaris
1537 2995 1901 3074 colloquium
1941 3003 2306 3075 exposceret,

411 3113 528 3172 quo
554 3092 743 3169 magis
778 3092 1067 3171 inciperet
1104 3089 1424 3162 confidere,
1454 3093 1532 3152 ad
1572 3092 1738 3152 illam
1778 3113 1842 3152 se
1881 3091 2036 3150 dixit
2068 3092 2304 3152 iturum.
2331 3112 2449 3162 Dio.

412 3189 520 3249 Ad
556 3197 937 3269 conspectum
980 3187 1363 3267 ingredientis
1387 3189 1760 3258 erubescens,
1795 3209 1830 3248 e
1866 3188 2036 3247 thoro
2070 3189 2310 3248 minime
2334 3201 2466 3252 Plut.

410 3294 629 3356 comto,
666 3285 726 3343 in
754 3282 1010 3364 simplici
1036 3285 1237 3356 tunica
1256 3283 1524 3355 exsiluit,
1555 3283 1918 3363 projecitque
1945 3301 2006 3342 se
2033 3281 2110 3342 ad
2132 3281 2314 3362 pedes

412 3383 565 3460 ejus,
605 3381 909 3440 dominum
936 3379 1270 3450 salutando,
1296 3379 1459 3459 qnod
1482 3380 1540 3439 ei
1564 3399 1774 3438 nomen
1807 3377 1912 3438 Dii
1949 3378 2309 3438 tribuissent.
2333 3387 2452 3440 Dio.

414 3475 533 3536 Ille
560 3497 843 3557 reponere
862 3497 923 3536 se
948 3477 1008 3535 in
1033 3474 1313 3536 lectulum
1330 3477 1570 3555 jubens,
1589 3478 1772 3556 juxta
1796 3473 2034 3546 assedit,
2061 3494 2308 3536 excusa·
2331 3485 2464 3538 ΡΜ.

413 3573 753 3653 tionemque
784 3575 1056 3644 tentanti,
1082 3583 1147 3633 et
1171 3573 1231 3632 in
1260 3573 1383 3634 vim
1408 3581 1470 3633 et
1494 3583 1716 3633 metum
1742 3572 1997 3633 Antonii
2021 3571 2308 3632 factorum

414 3671 653 3750 culpam
694 3671 1065 3749 conjicienti,
1100 3671 1185 3729 sic
1224 3669 1551 3749 respondit,
1591 3679 1680 3742 ut,
1708 3671 1923 3730 omissa
1947 3668 2308 3743 defensione,

417 3774 545 3825 tota
568 3786 630 3825 se
656 3766 733 3826 ad
758 3785 961 3846 preces
983 3774 1367 3838 converteret.

500 3869 599 3922 56.
646 3861 877 3924 Multas
899 3863 1213 3941 ,variasque
1254 3861 1465 3942 prioris
1503 3859 1762 3920 Caesaris
1781 3860 2064 3938 imag-ines
2101 3857 2309 3918 eodem
2335 3873 2453 3924 Dio.

418 3961 479 4020 in
524 3959 802 4020 cubiculo
838 3958 1153 4040 dispositas
1198 3958 1495 4018 habebat:
1538 3957 1617 4015 ad
1653 3957 1760 4016 has
1801 3974 2008 4016 manus
2041 3954 2312 4026 tendens,

420 4057 609 4138 patris
670 4057 957 4117 memoria
1005 4055 1325 4136 propitiare
1385 4055 1668 4116 victorem
1717 4053 2078 4121 conabatur3
2135 4071 2316 4113 voces

484 4219 511 4257 ¹²
541 4223 705 4272 Donec
724 4230 828 4287 post
848 4221 1331 4284 octingentesimum«
1400 4219 1643 4270 siinrserit
1683 4219 2079 4282 Freinshemius,
2121 4221 2314 4270 incom-

426 4285 620 4338 chrito
655 4293 771 4338 mlo
802 4289 1003 4353 uanum]
1040 4287 1157 4338 Hoc
1195 4287 1331 4337 unde
1402 4291 1605 4350 portum
1623 4283 1774 4338 nobis
1796 4293 1894 4336 est.
1928 4286 2068 4336 Creo.

553 4367 729 4434 Deque.
747 4374 795 4422 et
820 4369 936 4422 γαν.
958 4369 1088 4420 Clas.
1421 4366 1606 4418 Livius.
2370 4368 2430 4416 1⁶
2461 4359 2510 4415 U
