3159 4959
1104 474 1501 525 minimuum
1550 476 1775 526 mvn.
2363 466 2540 534 6⁰35

347 625 502 695 tres,
520 648 527 657 ·
548 624 763 702 caput
788 636 1055 702 quoque
1082 636 1235 683 cum
1278 619 1524 686 dextra
1554 640 1756 685 manu
1777 621 1829 661 ¹⁶
1871 622 1940 687 in
1981 622 2210 689 rostris
2239 624 2538 707 positum

336 726 473 785 ost.
548 720 886 785 Praeterea
914 736 1019 785 res
1042 740 1084 785 a
1114 720 1219 787 M.
1245 722 1457 787 Bruto
1488 723 1557 786 in
1578 722 1855 789 Graecia
1882 730 2104 806 gestas
2132 726 2450 792 continet.

1262 882 1289 902 0
1295 883 1620 905 OOONONO‘O

346 982 522 1045 Sigon.
554 989 606 1032 et
636 997 755 1031 mox
791 988 913 1033 ante
952 997 1069 1033 eum
1106 982 1379 1046 legebatur
1413 984 1857 1045 cusancia-16
1895 988 2012 1051 Cap.
2041 1001 2220 1053 quoqu
2255 1002 2361 1037 cm
2395 1004 2537 1051 manu

349 1047 471 1099 edd.
492 1056 615 1098 aute
634 1048 818 1112 Sigon.
840 1048 979 1112 apud
1002 1060 1151 1113 quem
1178 1047 1335 1097 inber
1358 1058 1463 1099 vet.
1477 1050 1569 1098 lib.
1591 1055 1734 1114 capiat
1749 1066 1854 1101 eun
1873 1066 2030 1103 mu.

1177 1291 1363 1357 LIB.
1424 1288 1715 1355 CXXI.

436 1472 517 1538 C.
549 1474 855 1551 Cassius,
896 1475 1008 1539 cui
1046 1476 1435 1541 mandatum
1463 1496 1508 1541 a
1538 1483 1774 1541 senatu
1812 1482 1982 1561 erat,
2011 1482 2086 1543 ut
2114 1476 2538 1542 Dolabellam

353 1574 603 1638 hostem
628 1574 1008 1658 judicatum
1056 1578 1233 1642 bello
1268 1586 1807 1662 persequeretur,
1850 1581 2246 1645 auctoritate
2274 1578 2538 1661 reipub-

350 1677 499 1741 licae
528 1675 817 1759 adjutus»,
850 1678 1117 1763 Syriam
1147 1700 1303 1745 cum
1334 1680 1549 1744 tribus
1576 1681 2004 1760 exercitibus,
2049 1680 2168 1764 qui
2202 1680 2272 1743 in
2301 1678 2540 1743 eadem

350 1780 695 1861 provincia
726 1786 933 1857 erant,
976 1782 1047 1845 iu
1079 1786 1483 1864 potestatem
1510 1801 1706 1846 suam
1735 1781 2012 1865 redegit.
2093 1780 2538 1858 Dolabellam,

350 1880 417 1942 in
448 1880 609 1943 urbe
632 1880 973 1947 Laodicea
994 1885 1374 1958 obsessum,
1406 1883 1573 1951 mori
1599 1880 1846 1964 coegit.
1922 1882 2026 1947 Μ.
2047 1900 2320 1966 quoque
2345 1880 2538 1944 Bruti

340 1980 537 2064 jussu
566 1978 645 2043 C.
676 1979 1015 2047 Antonius
1044 1989 1311 2065 captus,
1354 1983 1626 2050 occisus
1662 1990 1787 2047 est.

1166 2266 1351 2331 LIB.
1408 2266 1737 2333 CXXII.

440 2448 540 2514 M.
575 2450 825 2515 Brutus
868 2450 1184 2515 adversus
1212 2450 1513 2514 Thracas
1545 2457 1846 2533 parum¹⁷
1874 2468 2196 2532 prospere
2227 2468 2362 2515 rem
2395 2468 2543 2531 ges-

357 2552 487 2631 sit3
552 2554 997 2635 omnibusque
1054 2552 1511 2617 transmarinis
1569 2552 1938 2635 provinciis
1999 2551 2546 2633 exercitibusque

356 2653 423 2716 in
459 2660 857 2736 potestatem
888 2655 1035 2739 ejus
1075 2662 1149 2720 et
1193 2654 1271 2721 C.
1303 2653 1525 2720 Cassii
1555 2654 1868 2730 redactis,
1913 2654 2208 2717 coierunt
2237 2652 2542 2733 Smyrnae

355 2764 631 2839 uterque
675 2756 761 2819 ad
803 2756 1173 2822 ordinanda
1215 2757 1374 2822 belli
1407 2758 1619 2822 futuri
1655 2756 1960 2821 consilia.
2054 2754 2152 2819 M.
2185 2753 2542 2819 Messallae

355 2854 773 2938 Poplicolam
804 2854 855 2895 ¹⁸
909 2857 1175 2923 fratrem
1236 2860 1485 2923 victum
1544 2859 1881 2923 communi
1943 2856 2231 2922 consilio
2293 2855 2541 2921 condo-

352 2966 688 3023 naverunt.

1266 3055 1415 3078 “ceo
1421 3055 1629 3075 OONOOO

426 3158 485 3203 1⁷
524 3155 719 3203 Vocem
740 3168 910 3219 parma
932 3154 1200 3207 delendam
1228 3154 1444 3217 Rupert.
1468 3162 1522 3205 et
1544 3156 1613 3203 al.
1635 3156 2034 3203 monuere.-18
2055 3152 2350 3203 Ριὸιὶσοίαιι
2385 3150 2546 3203 Grou-

360 3220 518 3269 ,Οτι-ν.
584 3220 711 3269 Mox
742 3222 757 3246 ‘
795 3220 1016 3269 Vinctum
1050 3220 1182 3270 Exc.
1208 3219 1351 3269 Pith.
1370 3220 1594 3281 junctum
1615 3218 1735 3269 edd.
1762 3225 1893 3267 vett.
1926 3217 2224 3279 conjunctum
2255 3218 2338 3267 ed.
2365 3216 2547 3268 Parm.

358 3282 640 3333 insidior-nm
661 3284 925 3333 meierum
957 3298 1023 3333 ex
1056 3284 1231 3334 Dione
1272 3286 1410 3347 conj.
1437 3284 1599 3335 Θεοῦ.
1621 3284 1836 3344 fratrem
1873 3296 1948 3331 sc.
1973 3282 2278 3345 adoptatum
2315 3297 2346 3332 a
2369 3282 2546 3333 Gellio

360 3350 601 3411 quodam,
622 3357 827 3399 retento
848 3351 1151 3413 cognomine
1173 3351 1341 3414 genti·
1362 3350 1604 3401 Valeria.
1637 3348 1724 3399 ef.
1747 3345 1926 3399 nuk-⁹
1959 3348 2160 3411 Rupere.

1164 3611 1344 3679 LIB.
1392 3610 1762 3678 CXXIII.

446 3796 607 3861 Sex.
637 3795 1033 3880 Pompeius,
1074 3796 1309 3880 Magni
1338 3797 1537 3873 filius,
1566 3798 1764 3862 lectis
1797 3818 1884 3861 ex
1913 3796 2120 3880 Epiro
2147 3794 2546 3879 proscriptis

364 3918 447 3964 ac
491 3899 811 3981 fugitivis,
854 3918 1005 3965 cum
1052 3901 1355 3965 exercitu
1405 3898 1547 3975 diu,
1593 3899 1736 3964 sine
1775 3900 1921 3965 ulla
1961 3899 2098 3963 loci
2151 3897 2546 3981 cujusquam

364 4004 886 4085 possessione‚¹⁹
937 4002 1281 4085 praedatus
1332 4003 1397 4066 in
1444 4004 1631 4078 mari,
1671 4001 2060 4067 Messanam
2103 3998 2428 4085 oppidum
2477 3999 2547 4062 in

1274 4146 1567 4167 &menno
1572 4146 1631 4166 00

428 4236 490 4282 19
514 4232 533 4261 ⁴
562 4190 835 4286 Qu‘omodo
852 4230 1139 4281 exercitum
1162 4230 1354 4281 babere
1376 4237 1431 4280 et
1455 4242 1573 4280 cum
1592 4244 1654 4280 eo
1673 4228 1762 4279 diu
1786 4229 1837 4278 in
1861 4228 1987 4277 mari
2014 4226 2234 4291 praedari
2260 4224 2446 4290 potuit,
2462 4224 2549 4289 qui

363 4299 586 4347 “atillam
620 4298 720 4348 loci
756 4296 1055 4362 cujusquam
1088 4294 1459 4361 possessiouem
1479 4294 1493 4317 ⁸
1525 4294 1783 4347 habebat?
1864 4294 1920 4343 Si
1957 4308 2160 4343 manum
2199 4292 2338 4342 iilam
2390 4297 2405 4319 ⁸
2428 4302 2547 4353 pro-

364 4362 671 4426 scriptorum
692 4376 757 4413 ac
778 4359 1153 4427 fugitivorum,’
1182 4374 1309 4428 quos
1329 4375 1392 4413 ex
1420 4360 1580 4425 Epiro
1615 4363 1834 4425 legerat,
1871 4361 2160 4410 exercitum
2191 4356 2415 4413 vocavit,
2447 4364 2548 4402 non
