3159 4959
851 383 1060 435 mum
1109 381 1444 437 cxxvm.
1491 382 2133 437 sarnanum-ura.
2230 357 2241 367 ’
2432 370 2607 437 6639

387 518 520 587 tnui
539 524 770 587 duabus
799 526 970 585 affiiit
991 522 1378 595 ;·‘eeoerar'um
1403 528 1578 603 enim⁸
1598 526 1917 606 remissium‘
1940 528 2293 607 pestilentia,

391 640 574 701 nuper
595 623 963 681 exhauserat.
1051 621 1256 681 Caesar
1297 622 1572 683 Puteolis
1610 623 1773 683 facto
1806 624 2119 703 sacrificio,
2146 625 2279 704 pore

389 718 676 797 raetiaque
713 738 750 776 e
794 718 1070 798 proetoria
1117 719 1178 777 in
1205 724 1382 778 'mare
1427 720 1603 788 extis,
1649 719 1947 799 profectus
1990 728 2101 789 est,
2150 720 2278 800 Ap.

391 812 648 873 Claudio
678 833 814 873 cum
851 831 1068 893 magua
1105 813 1482 874 multitudine
1523 816 1761 875 navium
1800 816 2151 905 postremum
2176 836 2279 894 ag-

389 926 522 967 men
547 917 822 986 cogente.

465 1010 566 1066 48.
611 1002 742 1065 Ubi
785 1006 961 1065 tertia
999 1004 1130 1065 dies
1169 1006 1354 1075 venit,
1396 1006 1709 1065 vehemens
1748 1012 1953 1081 auster·
1982 1008 2281 1083 aggressus

385 1107 476 1159 est
499 1118 722 1171 omnes,
751 1100 1078 1180 Lepidique
1105 1100 1321 1165 multas
1356 1102 1655 1161 onerarias
1677 1099 1983 1181 depressit.
2064 1098 2282 1161 Tenuit

385 1203 584 1254 tamen
617 1195 720 1254 ille
763 1194 1055 1267 Siciliam,
1081 1198 1476 1275 conclusoque
1517 1197 1674 1255 intra
1717 1196 2051 1275 Lilybaeum
2094 1194 2283 1255 Pleu-

387 1291 512 1359 nio,
565 1290 756 1350 multa
809 1292 1028 1350 circum
1087 1291 1310 1371 oppida
1364 1293 1542 1351 armis
1599 1301 1702 1351 aut
1750 1292 2054 1352 deditione
2102 1292 2281 1371 cepit.

387 1384 643 1456 Taurus,
686 1386 1092 1449 animadversa
1133 1396 1498 1468 tempestate,
1541 1398 1767 1447 mature
1817 1388 2135 1447 Tarentum
2188 1408 2277 1447 re-

389 1480 567 1541 duxit
603 1481 870 1543 classem.
953 1483 1256 1564 Appianae
1299 1504 1480 1545 naves
1519 1482 1757 1544 afflictae
1797 1487 1957 1545 circa
1992 1484 2281 1544 Minervae

389 1579 866 1656 promontorium,
891 1586 956 1637 et
979 1579 1250 1657 quaedam
1277 1581 1336 1639 in
1362 1580 1635 1661 scopulos
1658 1588 1763 1639 aut
1786 1580 1993 1640 brevia
2014 1581 2279 1660 compul-

389 1692 472 1731 sae
496 1681 654 1745 sunt,
679 1673 940 1753 disjectis
965 1693 1073 1734 nec
1097 1675 1222 1733 sine
1250 1676 1412 1753 gravi
1437 1676 1657 1735 damno
1678 1675 1907 1736 ceteris.
1988 1674 2193 1735 Caesar
2218 1677 2279 1735 in

393 1766 674 1828 Velinum
699 1779 932 1849 portum
957 1791 1020 1829 se
1046 1780 1107 1828 et
1133 1790 1312 1831 naves
1331 1792 1468 1832 suas
1492 1780 1814 1853 receperat,
1850 1780 2063 1851 praeter
2097 1772 2277 1830 hexe-

389 1884 512 1923 rem
537 1884 735 1935 unam,
757 1884 891 1943 quae
914 1866 1076 1925 circa
1101 1866 1373 1926 Palinuri
1400 1868 1857 1948 promontorium
1878 1867 1941 1926 vi
1964 1875 2277 1945 tempesta·

389 1962 466 2021 tis
489 1961 680 2023 soluta
705 1972 812 2023 est.

471 2068 570 2121 49.
613 2060 762 2121 Erat
785 2082 860 2122 ea
883 2072 1084 2141 portus
1109 2071 1342 2130 natura,
1371 2069 1438 2121 ut
1461 2058 1540 2119 ad
1565 2068 1761 2119 cetera
1782 2068 1943 2118 tutus
1958 2078 2155 2119 versus
2180 2077 2279 2117 oc-

390 2155 732 2215 cideutem'·
760 2165 1008 2236 pateret.
1091 2155 1352 2225 Idcirco,
1379 2174 1512 2215 cum
1541 2164 1781 2235 repente
1806 2174 2005 2215 versus
2026 2156 2085 2213 in
2114 2154 2281 2212 Afri-

390 2272 524 2311 cum
570 2262 766 2311 auster
805 2262 977 2322 oeset,
1025 2272 1218 2330 neque
1268 2260 1442 2331 portu
1486 2252 1652 2309 exire
1698 2269 1898 2319 naves,
1938 2249 2283 2329 prohibente

389 2356 586 2416 vento,
617 2356 907 2427 poterant,
935 2367 1126 2427 neque
1163 2357 1270 2407 aut
1309 2348 1484 2405 remis
1527 2354 1633 2406 aut
1668 2346 1937 2405 anchoris
1974 2346 2281 2415 contineri,

391 2444 702 2522 quominus
737 2444 886 2503 inter
919 2464 1042 2503 sese
1089 2451 1192 2503 aut
1236 2442 1314 2502 ad
1359 2462 1507 2501 saxa
1547 2441 2096 2501 comminuerentur.
2182 2439 2282 2499 Ita

391 2558 576 2599 naves
617 2542 874 2618 majores
910 2560 1014 2599 sex
1059 2540 1308 2609 amissae,
1351 2539 1602 2597 minores
1645 2556 1753 2597 sex
1794 2546 1856 2598 et
1888 2537 2118 2615 viginti,
2144 2556 2279 2597 cum
2308 2556 2423 2607 Dio.

393 2636 698 2715 aliquanto
749 2638 970 2714 majore
1021 2656 1263 2695 numero
1313 2636 1756 2693 liburnicarum.
1868 2632 2037 2692 Nam
2092 2642 2153 2693 et
2204 2635 2281 2693 ab
2311 2622 2611 2749 galiam·

390 2732 556 2791 hoste
579 2731 858 2792 damnum
883 2731 1086 2793 datum
1115 2742 1266 2801 erat,
1297 2731 1625 2809 Mensaque
1660 2729 1879 2789 multas
1915 2750 1993 2789 ex
2033 2729 2284 2808 disjecta
2308 2750 2428 2798 Dio.

393 2827 580 2888 classe
603 2848 786 2889 naves
811 2829 1180 2888 abstraxerat
1208 2838 1315 2888 aut
1337 2834 1659 2886 exusserat.
1739 2824 1939 2885 Tanta
1962 2825 2089 2884 haec
2114 2837 2283 2886 erant
2306 2836 2521 2902 Appium:

397 2923 786 2994 incommoda,
813 2933 882 2985 ut
915 2934 1050 2984 ante
1069 2925 1424 2983 tricesimum
1449 2922 1609 2981 diem
1646 2920 1947 2979 emendari
1974 2940 2087 2978 non
2116 2938 2281 2999 posse

395 3020 748 3090 viderentur,
775 3040 894 3098 quo
931 3030 1194 3098 tempore
1235 3038 1404 3098 poeue
1433 3018 1490 3076 in
1533 3017 1697 3075 exitu
1722 3015 1917 3075 futura
1940 3024 2110 3074 atas
2132 3026 2281 3085 erat,

395 3116 642 3196 ideoque
665 3115 878 3175 rectius
899 3116 1232 3184 videbatur,
1261 3114 1591 3175 venientem
1624 3112 1683 3170 in
1712 3130 1925 3170 annum
1950 3110 2279 3190 expeditio-

397 3232 528 3271 nem
555 3212 796 3271 differri.

477 3314 576 3367 50.
619 3306 742 3366 Sed
793 3306 1020 3374 Caesar,
1079 3313 1097 3340 ‘
1121 3302 1218 3363 vel
1277 3302 1464 3361 invito
1515 3300 1809 3381 Neptuno
1860 3300 2165 3363 victoriam
2216 3322 2281 3361 se
2337 3327 2531 3379 sueton.

398 3399 778 3479 adepturum’
808 3401 1071 3477 jactans,
1113 3405 1371 3457 ceterum
1407 3393 1695 3474 populum
1723 3394 1953 3463 timens,
1990 3393 2039 3451 si
2064 3392 2285 3455 diutius
2306 3390 2437 3467 Aug.
2458 3396 2535 3442 ¹⁶·

399 3514 642 3553 aunonae
675 3495 924 3574 penuria
959 3501 1354 3573 premeretur3
1397 3492 1677 3551 continuo
1720 3488 1967 3547 subduci
2002 3488 2281 3568 reficique
2308 3454 2521 3567 ssffifm'

399 3610 582 3649 naves
615 3591 830 3668 jussit:
871 3590 1118 3667 remiges
1157 3608 1234 3647 ex
1271 3586 1578 3665 naufragio
1620 3594 1887 3665 receptos
1920 3584 1997 3644 ad
2020 3583 2278 3646 Taurum
2306 3582 2519 3648 APPM·

400 3687 579 3757 misit,
604 3686 966 3767 complendis
991 3686 1240 3745 navibus
1281 3704 1413 3763 quae
1449 3704 1627 3764 penes
1648 3704 1783 3743 eum
1811 3702 2015 3743 vacuat
2052 3704 2279 3743 reman-

399 3792 616 3844 serant.
701 3782 1004 3843 Maecenas
1027 3782 1088 3839 in
1119 3780 1346 3839 'Urbem
1373 3780 1456 3839 ire
1483 3783 1683 3857 jussus
1713 3788 1823 3847 est,
1849 3778 1928 3837 ad
1960 3778 2194 3859 plebem
2220 3780 2283 3838 iu

463 3992 500 4021 ¹·
523 3980 700 4037 Verus
719 3984 1024 4048 occidentem]
1055 3983 1138 4033 Ita
1159 3984 1314 4033 habet
1365 3984 1454 4033 illo
1471 3989 1622 4046 portu
1638 3981 1943 4032 Ces-ariane
1958 3994 2133 4031 nares.
2169 3981 2283 4029 Ma·

403 4050 672 4113 Appi-nus
716 4051 766 4099 ds
799 4050 892 4109 τὴν
935 4047 1172 4111 ἐπέρανε
1220 4062 1315 4098 nec
1366 4048 1412 4097 le
1429 4048 1715 4111 ergo-prius
1738 4046 1818 4097 hic
1842 4048 2109 4113 legebatur
2123 4060 2288 4097 versuo

403 4117 553 4163 aliter
575 4128 684 4165 esse
709 4122 902 4179 potest,
920 4128 1036 4163 cum
1059 4112 1123 4161 ab
1139 4110 1316 4161 Africo
1365 4112 1607 4163 orientem.
1641 4111 1793 4161 Crrv.

401 4188 578 4229 viimo⁴
583 4180 856 4243 jactentur
888 4186 946 4229 et
979 4182 1234 4228 vexentur
1263 4177 1316 4227 in
