3159 4959
907 437 1109 485 LlBRl
1162 437 1477 487 cxxxii.
1524 440 1864 489 SUPPLEM
1883 443 2172 492 BNTUM.

508 583 609 636 48.
654 585 671 612 ‘
692 576 860 666 Proh
898 576 1061 637 Deos
1096 579 1484 640 immortales!
1550 581 1806 642 Adeone
1833 603 1940 642 nos
1967 603 2004 641 a
2029 583 2328 643 vilissimis

428 670 760 730 hominibus
782 671 1028 753 despici,
1056 682 1123 732 ut
1149 675 1227 733 ab
1247 675 1547 756 AEgyptiis
1572 686 1636 737 et
1661 677 2090 738 Alexandrinis
2113 698 2324 758 provo-

426 768 670 824 cemur?
712 766 881 832 Quid
918 769 1077 827 enim
1120 769 1197 828 ad
1237 772 1678 850 exprimendam
1731 775 1972 833 istorum
2015 773 2326 833 mollitiem

426 863 833 942 ignaviamque
860 863 978 924 dici
1011 865 1205 924 verius
1240 876 1345 926 aut
1378 870 1709 947 expressius
1741 869 1978 949 potest?
2021 867 2116 927 Hi
2149 870 2326 945 igitur

426 958 757 1017 mortalium
804 960 1121 1040 turpissimi
1174 961 1345 1020 simul
1394 972 1571 1042 atque
1617 965 1967 1034 inertissimi,
2008 967 2111 1043 qui
2158 973 2326 1024 tanta

422 1063 557 1112 sunt
581 1054 878 1123 vecordia,
908 1065 975 1114 ut
998 1057 1237 1135 reptilia
1260 1057 1527 1136 ferasque
1552 1059 1748 1118 colere
1769 1079 1875 1138 pro
1898 1059 2032 1118 Diis
2055 1061 2278 1138 possint
2299 1082 2317 1128 ς

422 1149 523 1227 qui
568 1150 911 1210 condiendis
948 1152 1291 1230 corporibus
1332 1153 1790 1214 immortalitatis
1829 1154 2114 1214 affectant
2149 1157 2322 1214 inane

423 1242 766 1314 ludibrium,
802 1265 982 1323 quam
1010 1248 1087 1304 ab
1114 1247 1325 1306 animis
1346 1249 1467 1306 suis
1496 1250 1786 1328 gestisque
1811 1269 2044 1329 sperare
2071 1269 2186 1309 non
2215 1270 2320 1309 au·-

421 1336 603 1405 dent;
644 1341 745 1417 qui
772 1359 999 1419 semper
1028 1350 1095 1400 ut
1121 1341 1196 1400 ad
1224 1362 1315 1400 res
1350 1344 1656 1402 novandas
1697 1343 1938 1404 levitate
1963 1345 2318 1424 praecipites,

422 1433 507 1492 ita
558 1432 635 1492 ad
671 1435 955 1512 gerendas
994 1455 1115 1516 prae
1166 1437 1477 1496 timiditate
1524 1439 1866 1518 ineptissimi
1917 1440 2155 1500 fuerunt
2171 1461 2190 1499 ι
2231 1441 2316 1510 hi,

421 1527 683 1605 inquam,
707 1530 1023 1608 procedere
1044 1532 1103 1589 in
1124 1541 1501 1611 conspectum
1526 1543 1805 1604 nostrum,
1823 1535 2128 1595 ostendere
2153 1555 2320 1596 arma

418 1643 547 1694 sua,
573 1633 891 1704 expectare
918 1635 1116 1686 nostra
1139 1629 1445 1688 sustinent.

498 1727 599 1779 49.
623 1729 641 1754 ‘
663 1720 1024 1800 Quanquam
1052 1721 1195 1802 quid
1219 1743 1331 1800 ego
1357 1724 1561 1784 borum
1582 1727 1900 1784 amentiam
1925 1727 2314 1806 reprehendo,

420 1833 553 1892 quae
580 1835 681 1894 per
700 1836 765 1875 se
782 1816 961 1876 facile
984 1819 1275 1895 quietura,
1300 1829 1625 1879 nostrorum
1639 1820 1812 1879 fatali
1835 1821 2096 1899 quodam
2122 1821 2316 1882 fiirore

418 1910 791 1970 stimulatur?
833 1912 1143 1973 Romanas
1168 1914 1283 1984 illi,
1311 1915 1457 1995 proh
1483 1914 1709 1995 pudor!
1754 1915 2062 1974 Romanas
2085 1916 2313 1976 intuen-

419 2012 515 2063 tur
532 2025 759 2078 manus,
785 2006 1211 2068 commilitones
1235 2009 1251 2067 l
1332 2007 1540 2067 Nostri
1565 2010 1794 2086 generis
1818 2009 2086 2068 homines
2099 2013 2316 2087 reginoe

420 2119 539 2158 suae
570 2103 881 2181 stipatores
914 2105 1327 2184 conspiciunt:
1370 2104 1506 2164 hinc
1546 2105 1778 2183 equites
1811 2101 2138 2176 Romanos,
2178 2107 2316 2167 hinc

420 2205 713 2258 senatores
738 2199 1067 2279 spadonum
1092 2219 1223 2258 eam
1257 2200 1489 2260 vilitate
1516 2200 1764 2259 adulari.
1836 2199 2006 2265 Quid
2031 2198 2191 2278 quod
2219 2201 2312 2262 Μ.

418 2291 773 2364 Antonium,
800 2295 891 2353 bis
914 2295 1236 2365 consulem,
1268 2296 1481 2374 saepius
1508 2297 1942 2376 imperatorem,
1973 2295 2315 2375 reipublicae

416 2389 843 2448 constituendae
868 2391 1011 2449 mihi
1037 2391 1241 2451 datum
1266 2391 1579 2468 collegam,
1609 2399 1700 2450 tot
1721 2401 1904 2450 terras
1930 2391 2199 2470 imperio,
2227 2399 2319 2450 tot

416 2484 712 2542 exercitus
734 2485 1114 2556 obtinentem,
1142 2506 1179 2544 a
1204 2486 1463 2545 moribus
1504 2487 1712 2550 nostris
1740 2485 2052 2546 descivisse
2089 2485 2315 2555 vident,

415 2597 765 2657 omnemque
791 2590 854 2639 et
873 2581 1091 2640 natalis
1110 2581 1223 2640 soli
1238 2582 1568 2650 caritatem,
1587 2591 1650 2640 et
1678 2583 1996 2661 patriorum
2013 2582 2316 2640 numinum

414 2675 797 2734 reverentiam
816 2676 1138 2754 abjurasse.
1181 2677 1421 2735 Etenim
1442 2677 1492 2735 si
1511 2677 1642 2756 quis
1657 2677 1806 2736 forte
1823 2685 2080 2736 vestrum
2105 2687 2195 2736 est
2213 2679 2316 2755 qui

416 2769 548 2828 aliis
572 2771 909 2830 auctoribus
938 2791 1145 2852 parum
1186 2773 1462 2843 credidit,
1508 2774 1719 2832 scitote
1751 2770 1845 2831 M.
1876 2771 2126 2831 Antonii
2143 2775 2312 2849 jussu

416 2873 478 2923 et
516 2867 792 2944 exemplo
826 2887 935 2946 pro
963 2867 1145 2927 'Iside
1188 2877 1293 2926 aut
1337 2867 1537 2926 Diana
1587 2868 1820 2926 adorari
1867 2867 2250 2946 Cleopatram
2295 2887 2310 2926 :

418 2961 687 3022 Antonio
716 2965 1073 3042 imponente,
1094 2971 1263 3021 natos
1286 2965 1417 3040 ejus
1442 2963 1602 3022 Solis
1627 2973 1804 3041 atque
1831 2961 2012 3022 Lunae
2031 2962 2180 3022 ferre
2207 2983 2312 3020 no-

416 3057 615 3115 mina:
659 3055 993 3115 Antonium
1018 3058 1111 3115 his
1154 3057 1541 3136 amplissimas
1580 3057 1823 3126 insulas,
1863 3075 2135 3134 magnam
2172 3076 2314 3116 eon-

416 3151 655 3210 tinentis
696 3160 945 3230 partem,
980 3159 1264 3230 tanquam
1312 3151 1606 3230 privatum
1647 3153 2082 3232 patrimonium,
2117 3151 2313 3212 distri-

416 3247 627 3306 buisse.

498 3348 597 3402 50.
642 3351 659 3378 ‘
692 3343 945 3403 Etiamsi
968 3343 1293 3402 certissima
1317 3349 1453 3400 sunt
1476 3342 1606 3401 baec
1629 3351 1808 3422 atque
1828 3341 2310 3420 compertissima,

418 3437 653 3496 credere
680 3438 1058 3498 contantibus
1082 3440 1339 3516 ignosco.
1420 3435 1548 3496 Sed
1564 3438 1774 3497 eadem
1798 3436 2124 3496 facinorum
2147 3455 2309 3514 mag-

420 3533 649 3603 nitudo,
677 3534 849 3593 sicuti
882 3535 988 3592 vix
1025 3535 1285 3592 invenire
1318 3531 1499 3592 fidem
1532 3533 1774 3611 objecta
1811 3541 2021 3612 potest,
2049 3532 2133 3590 sio
2165 3541 2310 3592 nota

417 3626 627 3686 eadem
650 3636 713 3688 et
738 3629 989 3706 probata
1014 3628 1243 3688 veniam
1269 3628 1601 3687 enormibus
1622 3627 1878 3706 peccatis
1903 3634 2096 3704 negat.
2165 3626 2310 3691 Qua

420 3723 479 3780 in
522 3742 583 3780 re
624 3721 755 3802 plus
794 3723 1101 3801 aliquanto
1137 3724 1339 3803 patriae
1372 3721 1665 3799 salutique
1690 3723 1971 3790 omnium,
1999 3740 2180 3800 quam
2219 3721 2310 3778 af-

418 3814 599 3875 fectui
636 3837 766 3875 meo
800 3817 1001 3875 deberi
1036 3817 1319 3893 intelligo.
1404 3816 1570 3882 Quid
1607 3817 1762 3874 enim
1797 3835 1912 3874 non
1937 3813 2054 3872 feci
2080 3813 2309 3894 tulique

420 3919 489 3969 ut
527 3911 625 3971 hic
664 3931 704 3970 a
734 3931 827 3970 me
862 3913 1079 3974 servari
1120 3920 1337 3992 posset,
1365 3930 1539 3988 quem
1578 3919 1802 3989 patrem
1838 3907 2137 3988 appellare
2168 3908 2308 3966 soli-

416 4105 579 4156 fnisse
644 4106 895 4157 nuntiatis
969 4106 1321 4157 Dalmatarum
1400 4108 1596 4155 Tamen
1612 4106 1745 4169 qnod
1764 4107 1862 4155 hoc
1882 4106 1996 4154 loeo
2007 4106 2178 4169 jactat
2195 4107 2309 4157 Ου-

420 4173 643 4222 nondum
670 4175 819 4234 plane
852 4171 1181 4222 subactorum
1217 4185 1322 4219 mo·
1401 4185 1504 4234 sar,
1529 4172 1577 4219 id
1603 4183 1668 4220 ex
1699 4172 1868 4219 Dione
1891 4171 1954 4218 ad
1981 4171 2192 4221 verbum
2216 4185 2306 4222 ex·

424 4237 578 4286 tibus.
658 4237 777 4285 Vid-
810 4251 966 4300 supra
1006 4247 1199 4284 cxxxi.
1238 4239 1322 4285 8³.
1398 4238 1654 4299 scriptum
1678 4241 1774 4286 est.
1814 4237 1955 4286 Crev-

2476 425 2650 491 5723
