3159 4959
563 379 739 445 5770

560 1020 677 1071 Dio.

560 1214 686 1264 Flor-

552 1690 669 1743 Dio.

1509 396 1575 443 '1'-
1629 395 1812 443 mvn

884 538 1145 616 gentium
1166 536 1477 596 dominos!
1562 546 1579 571 ‘
1615 536 1756 607 Ita,'
1799 537 1992 615 inquit
2029 535 2158 606 ille,
2197 544 2214 571 ‘
2241 536 2292 593 si
2329 554 2437 595 nos
2477 534 2777 595 viceritis?

889 634 1148 713 Accepit
1186 652 1359 693 omen
1409 632 1762 692 Romanus:
1803 646 1887 703 et,
1911 652 2044 692 cum
2069 641 2206 691 ante
2246 632 2432 691 aciem
2473 630 2777 690 immolato

884 748 1039 809 equo
1086 739 1286 790 votum
1335 730 1567 789 barbari
1613 730 2037 809 concepissent,
2079 738 2096 763 ‘
2127 737 2194 787 ut
2221 727 2630 787 Romanorum
2667 726 2776 786 du-

884 844 1020 884 cum
1046 828 1203 885 extis
1225 836 1287 885 et
1309 826 1547 885 litarent
1566 834 1630 883 et
1656 834 2026 885 vescerentur
2046 826 2086 893 ς’
2124 826 2232 883 vix
2255 824 2458 883 tubam
2483 824 2775 881 sustinen-

883 928 973 979 tes
994 920 1267 999 disjecit.
1308 940 1690 999 reversusque
1735 921 1815 980 ad
1851 919 2236 991 obsidionem,
2273 919 2559 999 oppidum
2593 919 2774 999 cepit.

886 1015 991 1086 Et,
1033 1037 1153 1096 quo
1197 1017 1447 1075 lectores
1488 1017 1933 1087 admoneantur,
1977 1017 2184 1095 quanti
2225 1015 2305 1075 sit
2343 1014 2613 1073 inanibus
2657 1034 2770 1074 non

882 1113 1133 1181 moveri,
1156 1132 1456 1193 quamque
1492 1110 1551 1170 id
1596 1110 1946 1171 beneficium
1982 1130 2098 1169 non
2138 1110 2374 1171 ferociae
2407 1108 2554 1169 sed
2537 1111 2773 1189 ingenio

876 1210 1230 1269 concesserit
1278 1207 1467 1278 Deus,
1514 1218 1638 1267 tam
1687 1208 2006 1288 praecipitis
2053 1208 2362 1287 Mysorum
2407 1204 2564 1283 fugae
2606 1206 2772 1266 nulla

878 1302 1057 1365 fuisse
1080 1305 1293 1363 certior
1316 1324 1496 1364 causa
1520 1303 1793 1374 traditur,
1819 1323 1998 1383 quam
2039 1301 2199 1382 quod
2239 1303 2504 1361 centurio
2529 1300 2768 1381 quidam

880 1400 1497 1472 Romanus,'foculum
1524 1408 1746 1478 'gerens
1779 1420 1952 1480 super
1977 1399 2288 1469 cassidem,
2315 1400 2582 1458 excitata
2607 1409 2768 1457 motu

876 1499 1134 1578 corporis
1176 1496 1437 1566 flamma,
1488 1506 1776 1583 tanquam
1833 1504 2106 1556 vomente
2158 1494 2496 1555 incendium
2547 1495 2768 1575 capite,

874 1593 1119 1654 stolidos
1144 1593 1418 1654 mortales
1442 1594 1758 1652 exterruite

956 1694 1015 1746 3.
1059 1689 1294 1747 Averso
1320 1689 1380 1745 in
1410 1686 1620 1766 Mysos
1645 1687 1932 1756 exercitu,
1963 1686 2271 1745 Bastarnae
2297 1686 2524 1745 exitum
2557 1706 2767 1765 specu-

874 1782 1065 1842 lantes
1089 1782 1165 1843 ad
1195 1782 1471 1842 Hebrum
1509 1780 1754 1841 fluvium
1778 1782 2176 1841 substiterant.
2257 1781 2412 1840 Tum
2441 1782 2636 1858 igitur,
2662 1780 2766 1841 de-

872 1879 1047 1939 victis
1072 1877 1215 1950 illis,
1242 1879 1319 1938 ad
1345 1898 1409 1937 se
1434 1878 1620 1939 veniri
1647 1885 1972 1949 cernentes,
2007 1876 2301 1955 legatione
2341 1877 2518 1935 missa
2541 1876 2766 1937 denun-

868 1976 1113 2045 tiarunt,
1156 1983 1173 2010 ‘
1205 1976 1421 2053 injuste
1446 1974 1644 2033 facere
1672 1972 2006 2045 Romanos,
2031 1994 2095 2033 se
2123 1972 2547 2055 persequendo,
2574 1993 2611 2031 a
2637 1974 2767 2053 qui-

866 2070 981 2129 bus
1003 2069 1227 2128 nullam
1256 2070 1529 2149 injuriam
1558 2069 1964 2149 accepissent!

884 2216 891 2225 .
948 2173 1009 2225 4.
1052 2165 1301 2225 Crassus
1322 2172 1327 2179 '
1352 2174 1610 2225 oratores
1662 2164 1993 2225 humaniter
2056 2170 2356 2242 acceptos,
2396 2164 2766 2241 gnarus,ea's

865 2254 1135 2341 nationes
1158 2262 1282 2321 vini
1308 2260 1715 2339 cupidissimus
1739 2280 1887 2329 esse,
1908 2268 2190 2337 tanquam
2218 2258 2498 2337 postridie
2524 2278 2762 2339 respon-

866 2378 1053 2428 surus,
1080 2356 1355 2417 adhibuit
1392 2377 1628 2426 mensae,
1655 2366 1719 2416 et
1761 2358 1840 2415 ab
1883 2358 2062 2417 ebriis
2095 2356 2294 2416 omnia
2335 2357 2761 2431 Bastarnarum

863 2453 1111 2513 consilia
1154 2454 1491 2533 expiscatus
1536 2462 1645 2511 est.
1731 2451 1966 2511 Eadem
2012 2461 2210 2512 autem
2249 2462 2444 2523 nocte,
2488 2452 2630 2513 dum
2671 2452 2763 2513 illi

864 2548 1095 2627 poculis
1110 2556 1348 2617 vacant,
1379 2546 1455 2605 ad
1482 2546 1711 2625 sylvam
1737 2547 2066 2627 proximam
2094 2548 2357 2608 exercitu
2383 2558 2674 2627 promoto,
2702 2551 2760 2609 in

862 2642 1143 2702 ulteriora
1184 2641 1662 2722 prospeculatum
1709 2641 2020 2721 expeditos
2061 2643 2358 2721 proemisit.
2445 2642 2572 2704 His
2603 2646 2762 2716 visis,

860 2737 1076 2807 hostes,
1104 2744 1251 2795 'cum
1302 2737 1473 2813 longe
1522 2737 1726 2796 abesse
1767 2738 1946 2797 robur
1986 2737 2284 2816 legionum
2316 2738 2760 2811 arbitrarentur,

858 2840 1175 2911 proruunt;
1208 2820 1691 2911 'refugientesque
1719 2833 1880 2892 intra
1903 2832 2102 2912 sylvas
2121 2834 2330 2903 secuti,
2355 2834 2434 2891 ab
2463 2836 2761 2897 instructis

856 2926 1158 2987 ordinibus
1200 2928 1594 3006 excipiuntur.
1678 2928 1910 3006 Magna
1955 2929 2040 2988 ibi
2074 2928 2294 2999 statim,
2335 2948 2555 3008 magna
2593 2931 2758 2991 dein-

857 3043 997 3103 ceps
1022 3023 1369 3101 fugientium
1396 3024 1594 3084 caedes
1611 3023 1764 3084 fuit:
1807 3024 1986 3083 carris
2011 3024 2292 3094 maxime,
2323 3025 2539 3103 quibus
2563 3036 2758 3086 castra

854 3138 961 3179 sua
987 3140 1024 3179 a
1050 3129 1212 3199 tergo
1254 3130 1578 3200 sepserant,
1626 3130 1922 3200 receptum
1965 3119 2442 3198 impedientibus,
2490 3129 2553 3179 et
2596 3122 2756 3202 quod

856 3214 946 3275 his
970 3218 1271 3297 impositos
1296 3237 1430 3278 cum
1460 3217 1816 3296 conjugibus
1841 3215 2059 3275 liberos
2084 3214 2543 3295 haudquaquam
2571 3218 2757 3297 aequis

855 3313 1065 3371 animis
1088 3312 1456 3371 deserebant.

932 3414 992 3466 5.
1038 3406 1283 3464 Nobilis
1328 3426 1401 3465 eo
1438 3406 1573 3465 loco
1618 3404 1882 3467 Romani
1927 3405 2098 3466 ducis
2145 3424 2342 3484 pugna
2377 3405 2516 3477 fuit,
2555 3410 2752 3468 occiso

854 3499 1055 3560 Crassi
1072 3500 1339 3558 manibus
1364 3499 1620 3560 hostium
1641 3522 1776 3581 rege
1802 3500 2113 3561 Deldone:
2155 3509 2240 3569 et²
2262 3502 2310 3559 si
2331 3502 2452 3559 suis
2475 3504 2754 3583 auspiciis

850 3616 971 3655 rem
1000 3596 1290 3673 gemisset,
1310 3596 1636 3675 opimorum
1653 3595 1972 3676 spoliorum
1989 3592 2174 3657 decus
2189 3604 2524 3656 meruerat?
2563 3599 2748 3665 Quod

912 3842 1057 3901 ⁸,Et
1088 3840 1257 3890 sisui:
1273 3840 1617 3905 auspic-iiam
1648 3856 1757 3903 ges·
1829 3844 1943 3889 269.
1985 3849 2041 3892 ct
2073 3844 2190 3891 2⁴10.
2255 3838 2360 3890 Sed
2395 3840 2514 3891 ideo
2554 3842 2603 3891 ei
2643 3858 2744 3893 non

845 3907 1002 3961 uiuet,
1040 3908 1298 3967 opimorum
1332 3907 1586 3969 spoliorum
1619 3908 1760 3955 dem
1830 3920 2134 3955 concessum
2163 3918 2302 3968 esse,
2335 3906 2472 3968 quod
2503 3908 2744 3969 jamtum

843 3969 1103 4047 meruerat]
1152 3972 1339 4020 Crasso
1376 3970 1537 4021 decus
1568 3972 1758 4034 spolio·
1829 3968 1962 4018 falsa
2002 3970 2176 4034 opinio
2221 3969 2540 4033 invaluisset,
2578 3974 2745 4035 spolia

845 4048 955 4101 rum
1000 4036 1284 4111 opi-morum
1324 4035 1552 4085 debitum
1599 4033 1757 4083 fuis-e
1831 4036 2014 4113 opima·
2025 4050 2115 4084 eos
2137 4033 2268 4083 solos
2292 4007 2540 4099 consequi
2575 4052 2746 4099 posse,

844 4094 1023 4147 censet
1050 4101 1126 4146 vir
1160 4100 1449 4149 eruditione
1480 4105 1535 4148 et
1565 4099 1756 4147 aeunni·
1829 4100 1916 4159 qul
1941 4100 2045 4150 suis
2069 4097 2311 4161 auspiciis
2337 4113 2443 4148 rcrn
2479 4112 2740 4162 gererent.

844 4176 911 4209 nc
932 4164 1125 4225 ingenii
1142 4164 1296 4226 juxta
1316 4164 1439 4214 nobi
1444 4163 1527 4223 lis,
1546 4162 1754 4213 Perizo·
1829 4163 2108 4213 Preteru
2074 4178 2188 4215 uam
2212 4163 2350 4225 quod
2377 4178 2496 4213 rara
2525 4166 2611 4215 illa
2637 4174 2740 4216 tam

845 4225 981 4287 nius,
1022 4227 1377 4277 Animadvers.
1422 4227 1622 4276 Histor.
1666 4242 1756 4293 pp.
1829 4228 2005 4279 eximii
2085 4228 2253 4279 ecoris
2305 4228 2434 4285 laus,
2479 4229 2740 4281 inclinatis
