3159 4959
945 410 1154 461 mam
1203 411 1450 461 CXXV.
1499 410 2149 465 surrnssuswruu.

431 570 496 611 se
521 551 788 613 contulit.
876 550 1108 613 Eodem
1133 561 1196 612 et
1220 552 1303 613 P.
1331 552 1611 614 Turulius
1634 555 1797 617 venit
1808 574 1955 617 -cum
1994 555 2203 616 multis
2226 576 2331 617 na-

433 648 626 735 vibus,
651 658 714 708 et
739 668 956 726 magna
980 650 1040 709 vi
1075 651 1480 729 pecuniarum,
1507 670 1661 730 quas
1686 672 1725 711 a
1750 651 2029 722 Rhodiis,
2054 652 2197 712 dum
2226 653 2331 713 ad-

431 744 548 805 huc
573 753 740 805 erant
762 745 924 805 dicto
949 746 1276 817 audientes,
1303 756 1602 825 exegerat.

508 846 606 904 37.
653 840 800 901 Hoc
825 842 1164 920 exemplum
1189 843 1374 903 secuti
1414 850 1707 923 quotquot
1730 843 2047 903 earundem
2074 844 2331 923 partium

427 945 554 997 tota
597 936 754 997 Asia
781 938 1160 1009 oberrabant,
1187 938 1246 997 in
1279 958 1458 997 unum
1481 948 1921 999 convenerunt:
1964 948 2027 999 et
2064 939 2328 1019 legiona-

423 1033 662 1103 riorum,
708 1045 932 1113 quanto
975 1044 1270 1114 poterant,
1313 1054 1553 1093 numero
1602 1034 1877 1115 imposito
1916 1034 1976 1093 in
2016 1054 2223 1107 naves,
2248 1056 2325 1097 ex

423 1130 736 1208 mancipiis
771 1138 878 1190 aut
910 1130 1080 1189 nexis
1103 1131 1350 1208 remiges
1375 1129 1686 1208 parabant,
1714 1131 1971 1210 itemque
1996 1150 2075 1189 ex
2100 1131 2326 1204 insulis,

425 1244 574 1303 quas
609 1224 1209 1304 praetervebebantur.
1293 1222 1416 1283 Sed
1448 1232 1516 1284 et
1559 1244 1597 1283 a
1620 1224 1821 1285 Thaso
1846 1225 2075 1285 nobiles
2099 1226 2327 1306 aliquot

423 1338 564 1379 cum
591 1319 683 1379 Μ.
713 1319 1006 1381 Cicerone
1045 1320 1139 1379 M.
1170 1320 1240 1379 F.
1281 1319 1530 1401 profecti
1563 1330 1703 1383 suut
1744 1321 1823 1380 ad
1856 1342 1996 1390 eosz
2042 1322 2324 1403 brevique

424 1414 686 1475 collecta
721 1424 812 1475 est
837 1436 952 1475 non
977 1416 1406 1477 contemnenda
1423 1417 1649 1491 classis,
1671 1426 1735 1479 et
1758 1438 1949 1497 neque
1972 1418 2189 1479 ducum
2218 1441 2322 1481 no·

421 1512 700 1587 minibus,
727 1532 920 1593 neque
945 1512 1196 1573 militum
1221 1522 1326 1573 aut
1351 1534 1564 1593 genere
1602 1524 1709 1575 aut
1742 1515 1921 1595 copia
1956 1516 2323 1596 poenitendns

421 1609 750 1679 exercitusz
796 1610 1116 1691 prasertim
1159 1630 1296 1671 cnm
1343 1610 1520 1671 etiam
1555 1630 1635 1671 ex
1680 1610 1867 1671 Creta
1902 1610 2163 1691 Lepidus
2186 1632 2323 1673 cum

421 1702 542 1765 alia
567 1724 742 1765 manu
781 1707 1134 1767 accessisset.
1215 1707 1372 1767 Tum
1411 1727 1554 1769 vero
1592 1727 1875 1767 consensu
1920 1707 1998 1767 ad
2042 1706 2321 1769 Murcum

421 1808 484 1861 et
507 1801 1000 1875 Ahenobarbum,
1043 1802 1286 1875 Ionium
1326 1824 1462 1863 cum
1497 1803 1711 1864 validis
1736 1804 2025 1863 classibus
2048 1803 2319 1865 obtinen-

420 1905 534 1967 tes,
563 1898 828 1975 navigari
856 1898 1102 1979 placuit.

501 1998 600 2053 88.
645 1993 746 2053 Ibi
771 1994 1014 2055 consilio
1043 1994 1268 2067 habito,
1303 1993 1799 2073 quemadmodum
1832 1992 2113 2075 deinceps
2147 1996 2318 2057 susti-

419 2088 630 2149 nendae
655 2099 858 2169 partes
881 2099 1096 2160 essent,
1123 2089 1370 2149 diversae
1406 2090 1713 2149 sententiae
1737 2088 1994 2160 fuerunt,
2022 2091 2133 2149 nisi
2159 2091 2321 2170 quod

417 2188 730 2246 constabat
791 2187 1224 2247 triumvirorum
1289 2183 1717 2265 aspernandam
1784 2186 2101 2244 amicitiam
2175 2206 2319 2246 esse.

421 2279 654 2341 Statius
679 2280 948 2352 Murcus,
974 2278 1192 2341 defleto
1234 2279 1430 2339 Cassii
1474 2280 1767 2358 Brutique
1808 2299 1971 2349 casu,
1998 2288 2017 2315 ‘
2039 2299 2203 2359 spem
2230 2290 2321 2341 ta-

419 2394 556 2435 men
584 2375 780 2435 adhuc
805 2396 1104 2456 superesse
1120 2377 1137 2403 '
1161 2374 1402 2435 dicebat
1437 2384 1454 2411 ⁶
1487 2376 1548 2434 in
1592 2374 1830 2454 reliquis
1864 2375 2111 2446 viribus,
2146 2376 2321 2437 modo

418 2482 606 2553 caput
645 2480 836 2533 nactae
877 2472 1150 2533 idoneum
1190 2471 1400 2532 forent.
1484 2470 1815 2531 Consilium
1860 2472 2062 2541 enim,'
2106 2472 2319 2552 inquit,

414 2578 434 2605 ‘
467 2578 646 2649 atque
673 2570 982 2650 imperium
1009 2569 1194 2649 pluris
1217 2588 1396 2648 qnam
1431 2588 1598 2628 arma
1630 2577 1787 2639 sunt,
1822 2588 2002 2648 quam
2042 2571 2317 2649 pecunia,

417 2675 480 2726 et
501 2666 754 2726 militum
775 2686 1002 2727 manus.
1087 2664 1328 2726 Horum
1353 2664 1444 2725 vis
1466 2664 1865 2745 quantalibet,
1892 2665 2001 2723 nisi
2027 2668 2321 2746 sapientia

415 2770 478 2821 et
503 2763 852 2823 auctoritate
889 2760 1060 2822 ducis
1083 2762 1474 2832 contineatur,
1512 2760 1865 2821 dissolvetur
1903 2760 2102 2833 facile,
2130 2764 2317 2823 autin

415 2876 480 2917 so
499 2866 650 2917 ruet.
709 2856 934 2937 Neque
957 2856 1214 2938 plurium
1241 2876 1416 2936 aequa
1441 2864 1731 2936 potestate
1752 2875 1845 2915 res
1862 2857 1987 2935 geri
2012 2858 2318 2918 commode

417 2961 628 3032 potest.
713 2950 790 3013 In
825 2951 988 3013 bello
1023 2951 1322 3033 rapiendae
1361 2962 1496 3013 sunt
1537 2952 1917 3013 occasiones:
1980 2972 2115 3031 quae
2160 2973 2317 3034 saepe

417 3068 534 3111 non
575 3052 728 3109 inter
771 3050 1182 3111 dissentientes
1223 3048 1422 3121 modo,
1450 3048 1552 3108 sed
1583 3048 1765 3109 etiam
1792 3049 1943 3108 inter
1967 3049 2313 3121 concordes,

416 3144 558 3207 dum
605 3144 1108 3207 communicandis
1131 3146 1412 3207 'consiliis
1466 3153 1701 3225 tempus
1752 3144 1901 3213 abit,
1948 3146 2315 3207 amittuntur.

416 3239 539 3301 Sed
565 3262 758 3323 neque
783 3242 928 3303 mibi
951 3261 1240 3309 summam
1277 3260 1470 3302 rerum
1506 3239 1786 3320 deposco,
1812 3258 2001 3317 neque
2038 3240 2315 3321 cuiquam

414 3346 670 3398 vestrum
697 3347 803 3399 aut
827 3337 1104 3417 poscendi
1145 3346 1252 3397 aut
1283 3324 1709 3397 dandi'auctor
1746 3355 1886 3397 ero:
1934 3334 2081 3397 Sex.
2123 3337 2313 3399 Pom-

415 3434 612 3512 poium
651 3435 900 3507 intueor,
939 3454 1120 3516 quem
1164 3436 1316 3495 miro
1348 3434 1595 3495 oonsilio
1620 3435 1795 3498 rebus
1820 3434 2053 3495 incertis
2076 3436 2312 3497 unicum

415 3530 752 3609 praesidium
777 3532 838 3589 in
865 3530 1196 3612 propinquo
1227 3530 1490 3591 Fortuna
1515 3530 1858 3591 collocavit.

493 3633 594 3687 39.
636 3636 656 3663 ‘
687 3624 828 3687 Nec
845 3627 1002 3687 enim
1021 3627 1204 3689 alium
1225 3628 1283 3687 ei
1301 3627 1597 3708 praeferre,
1614 3627 1843 3687 etiamsi
1865 3626 2039 3707 copia
2052 3624 2311 3706 plurium

412 3730 584 3793 esset,
609 3721 910 3793 debemus,
939 3744 1042 3803 pro
1077 3724 1302 3803 legibus
1326 3724 1675 3785 dimicantes
1698 3734 1761 3783 et
1783 3724 2083 3791 libertate,
2106 3741 2309 3799 quem-

411 3816 728 3877 admodum
767 3838 998 3899 semper
1031 3819 1272 3879 tulimus
1312 3838 1433 3899 prae
1481 3819 1669 3879 nobis.
1754 3818 1885 3879 Hic
1932 3825 2129 3876 autem
2156 3814 2314 3875 solus

399 3915 534 3991 jam
558 3922 684 3974 toto
709 3915 956 3994 imperio
983 3914 1304 3993 legitimam
1324 3924 1677 3995 potestatem
1691 3915 1943 3983 obtinet,
1964 3913 2145 3971 maris
2162 3932 2309 3991 prae-

411 4008 638 4071 fectura
673 4009 816 4071 olim
843 4020 1093 4091 accepta
1117 4012 1196 4071 ab
1220 4022 1452 4083 senatu,
1481 4012 1815 4091 priusquam
1854 4009 1957 4069 ille
1992 4006 2211 4069 scelere
2238 4032 2309 4072 ac

407 4106 762 4169 crudelitate
807 4107 1157 4169 triumvirali
1200 4108 1647 4189 opprimeretur.
1730 4104 1871 4167 Nec
1918 4106 2095 4184 igitur
2136 4106 2309 4167 dubi-
