3159 4959
1156 460 1553 517 mmmmm
1607 465 1823 515 mvn.
2410 448 2584 513 6033

398 605 813 697 Cisalpinam
844 610 1144 677 Galliam
1174 608 1473 675 Antonio
1504 608 1874 686 obsisteret,
1912 606 2250 673 Mutinam
2282 608 2433 671 cum
2463 626 2580 671 ox·

396 712 607 781 ercitu
636 713 1018 795 occupavit.
1110 713 1445 777 Praeterea
1476 710 1818 775 discursus
1857 709 2206 790 utriusque
2237 708 2446 789 partis
2484 708 2581 771 vi-

393 835 614 881 rorum
644 815 731 881 ad
760 812 1197 897 accipiendas
1242 812 1626 896 provincias
1674 820 2193 895 apparatusque·
2221 808 2380 872 belli
2425 806 2582 873 con-'

400 917 589 981 tinet:
642 962 653 969 -

1197 1093 1377 1161 LIB.
1438 1095 1796 1163 CXVIII.

484 1282 584 1347 Μ.
619 1281 869 1371 Brutus
910 1282 981 1346 in
1026 1278 1295 1347 Graecia
1336 1282 1463 1345 sub
1504 1286 1834 1364 praetextu
1881 1282 2272 1365 *reipublicae
2324 1288 2390 1347 et
2435 1300 2584 1345 sus-

400 1386 585 1468 cepti
629 1392 859 1451 contra
910 1385 1011 1449 Μ.
1042 1382 1417 1448 Antonium
1468 1384 1655 1461 belli,
1687 1385 2068 1460 exercitum,
2109 1385 2219 1450 cui
2267 1383 2586 1448 Vatinius

398 1493 703 1571 praeerat,
744 1506 897 1551 cum
945 1486 1298 1575 provincia
1331 1487 1403 1549 in
1456 1492 1849 1570 potestatem
1905 1506 2094 1551 suam
2143 1486 2418 1566 redegit.
2509 1484 2586 1549 C.

401 1588 685 1666 Caesari,
735 1591 847 1671 qui
894 1589 1149 1672 primus
1193 1587 1635 1671 reipublicae⁸
1678 1608 1861 1654 arma
1905 1596 2256 1666 sumserat,
2291 1607 2587 1671 proprae-

400 1690 567 1755 toris
596 1692 938 1773 imperium
972 1710 1015 1755 a
1046 1698 1283 1755 senatu
1320 1690 1553 1755 datum
1580 1697 1690 1755 est
1719 1710 1871 1755 cum
1901 1691 2366 1756 consularibus
2395 1708 2592 1753 orna-

398 1791 665 1869 mentiS,
708 1791 1202 1875 adjectumque,
1246 1798 1321 1857 ut
1372 1800 1640 1857 senator
1685 1780 1898 1857 esset.
1979 1791 2081 1855 M.
2113 1791 2452 1856 Antonius
2501 1790 2591 1854 D.

399 1894 683 1957 Brutum
715 1891 1001 1956 Mutinae
1029 1893 1335 1973 obsedit3
1378 1895 1705 1977 missique
1737 1893 1821 1959 ad
1863 1913 2017 1958 eum
2045 1914 2084 1957 a
2117 1900 2356 1957 senatu
2387 1893 2586 1973 legati

400 1992 485 2057 de
512 2012 684 2075 pace
706 2012 945 2075 parum
975 1994 1063 2057 ad
1089 2011 1237 2058 eam
1267 1994 1799 2077 componendam
1827 1995 2200 2059 valuerunt.
2279 1993 2589 2078 Populus

402 2094 757 2159 Romanus
790 2113 955 2175 saga
986 2098 1247 2159 sumsit.
1338 2094 1435 2158 Μ.
1472 2095 1724 2160 Brutus
1758 2095 1830 2159 in
1874 2096 2083 2179 Epiro
2112 2096 2190 2160 C.
2222 2094 2590 2160 Antonium

400 2202 749 2280 praetorem
779 2214 929 2260 cum
960 2197 1265 2261 exercitu
1296 2197 1623 2281 potestati
1665 2216 1805 2264 suae
1838 2199 2155 2281 subjecit.

1348 2342 1438 2363 ΗΟ
1407 2344 1497 2364 ΟΝ
1501 2344 1680 2365 000000

468 2431 502 2477 8
534 2426 1696 2491 Propnmreapcumsigon.1ng.pror.ep
1720 2432 1811 2475 aut
1850 2424 2022 2487 potius
2045 2438 2161 2473 cum
2186 2424 2350 2475 Gron.
2371 2431 2426 2473 et
2452 2426 2594 2475 Dok.

402 2491 623 2554 privatus
656 2490 743 2554 (pr
722 2492 955 2555 rivatoqu
926 2506 989 2540 ue
1023 2507 1084 2541 co
1056 2492 1237 2541 onsilio
1262 2500 1317 2541 et
1350 2497 1506 2541 sumtu
1492 2490 1551 2552 ιι)
1580 2506 1670 2553 pro
1704 2504 1758 2537 re
1733 2506 1808 2552 e.p
1813 2488 2009 2550 'eRnp
2015 2496 2082 2538 rt.
2148 2488 2276 2536 Mox
2318 2503 2406 2551 pro
2423 2503 2544 2552 popu
2517 2490 2593 2537 ulo

408 2554 549 2604 Rom.
588 2556 861 2619 legebatur
900 2564 1021 2606 ante
1064 2556 1239 2619 Sigon.
1280 2556 1394 2606 vice
1425 2554 1772 2619 μυριάσι-ἐπ
1819 2562 1875 2603 et
1915 2553 2156 2615 pretoriis
2195 2566 2374 2603 mam.
2417 2554 2596 2603 mallet

407 2619 583 2683 Sigon.
606 2622 723 2681 lice
743 2621 1069 2671 emulor-ibus
1090 2636 1269 2671 ornam.

1238 2883 1426 2949 LIB.
1482 2882 1769 2949 CXIX.

496 3065 576 3131 C.
605 3066 985 3132 Trebonius
1029 3068 1098 3131 in
1146 3066 1319 3135 Asia
1362 3065 1599 3136 fraude
1647 3066 1726 3131 P.
1754 3064 2132 3131 Dolabellae
2165 3067 2434 3131 occisus
2470 3056 2596 3129 est.

410 3166 519 3231 Ob
546 3167 617 3231 id
640 3166 899 3232 facinus
933 3168 1293 3235 Dolabella
1314 3171 1528 3236 hostis
1554 3188 1596 3233 a
1626 3174 1851 3231 senatu
1871 3166 2220 3251 judicatus
2243 3176 2363 3234 est.
2427 3166 2596 3232 Cum

411 3268 637 3334 Pansa
664 3270 899 3334 consul
938 3270 1115 3333 male
1137 3270 1461 3336 adversus
1488 3269 1852 3334 Antonium
1883 3278 2275 3351 pugnasset,
2319 3268 2409 3332 A.
2437 3268 2594 3332 Hir-

410 3371 540 3434 tius
584 3372 817 3435 consul
862 3390 1013 3435 cum
1055 3375 1356 3437 exercitu
1408 3371 1904 3455 superveniens,
1945 3370 2116 3433 susis
2172 3370 2271 3435 M.
2315 3360 2597 3435 Antonii

411 3472 659 3554 copiis,
697 3471 1029 3538 fortunam
1066 3476 1415 3559 utriusque
1445 3474 1653 3558 partis
1686 3471 2002 3555 aequavit.
2089 3470 2342 3535 Victus
2363 3470 2600 3536 deinde

412 3573 501 3637 ab
531 3572 762 3637 Hirtio
813 3581 880 3638 et
920 3574 1189 3639 Caesare
1229 3573 1567 3640 Antonius
1597 3575 1666 3636 in
1698 3572 1990 3637 Galliam
2024 3570 2344 3653 confugit,
2386 3580 2454 3637 et
2498 3570 2599 3637 M.

412 3672 741 3755 Lepidum
773 3692 923 3738 cnm
952 3674 1358 3756 legionibus,
1403 3695 1558 3759 quae
1590 3673 1717 3737 sub
1747 3674 1900 3755 ipso
1930 3682 2144 3744 erant,
2176 3674 2303 3738 sibi
2322 3674 2597 3756 junxit3

412 3772 765 3856 hostisque
813 3793 856 3838 a
903 3783 1139 3840 senatu
1182 3796 1333 3841 cnm
1376 3776 1708 3847 omnibns,
1743 3773 1864 3857 qui
1900 3774 2070 3839 intra
2100 3775 2420 3857 praesidia
2451 3774 2598 3858 ejus

411 3882 658 3953 essent,
701 3875 1047 3958 judicatus
1076 3884 1199 3943 est.
1282 3880 1367 3943 A.
1413 3877 1699 3954 Hirtius,
1740 3876 1900 3960 quia
1940 3882 2106 3957 post
2143 3877 2498 3942 victoriam
2527 3879 2598 3941 in

410 3976 581 4058 ipsis
624 3976 917 4041 hostium
967 3980 1205 4043 castris
1252 3979 1640 4055 ceciderat,⁹
1687 3984 1754 4042 et
1804 3977 1884 4041 C.
1928 3976 2175 4053 Pansa,
2219 3998 2257 4040 e
2304 3976 2594 4054 vulnere,

413 4076 592 4161 quod
639 4077 710 4140 in
760 4076 1049 4143 adverso
1082 4080 1319 4162 praelio
1368 4085 1754 4163 exceperat,
1803 4077 2180 4157 defunctus,
2222 4076 2288 4141 in
2339 4076 2599 4163 Campo

1329 4225 1360 4244 0
1363 4222 1626 4246 OOOOOOOO
1629 4222 1686 4242 κ

480 4320 515 4368 ‘J
545 4321 643 4378 Qui
656 4327 766 4386 pone
784 4320 901 4374 vict.
922 4334 1053 4373 mm
1074 4324 1125 4373 in
1160 4322 1459 4377 inimieorum
1492 4328 1613 4376 cast.
1634 4336 1730 4373 ceo.
1751 4322 1833 4385 ξε.
1855 4320 1976 4373 edd.
2000 4326 2121 4373 ante
2141 4322 2318 4387 Sigon.
2386 4324 2512 4375 Mox
2537 4322 2598 4371 1..
