3159 4959
2 3683 19 4457 '’RV-„RF-uu-v-ffl—-

1184 470 1583 523 mesenum
1631 472 1852 523 mvn.
1928 477 1932 481 ’
2428 456 2606 525 5993

412 619 765 704 (qnoniam
806 636 935 683 eos
972 616 1063 683 ad
1106 617 1549 702 cupiditatem·
1592 618 1892 700 amplum
1929 616 2202 683 modum
2243 619 2558 703 sperandi
2576 625 2602 654 ²

412 717 871 805 incitaverat)
898 720 1111 801 legem
1151 736 1228 783 se
1259 718 1832 801 promulgaturum
1861 720 2170 799 ostendit,
2202 724 2224 757 ‘
2243 728 2316 785 ut
2341 722 2454 797 iis,
2483 722 2606 806 qui

408 822 820 905 Sempronia
844 822 997 905 lege·
1013 838 1243 905 agrum
1272 822 1583 902 accipere
1609 819 1948 897 deberent,
1970 807 2282 903 pecunia,
2310 840 2470 906 qum
2497 842 2606 891 re-

416 924 525 1005 gis
555 921 769 989 Attali
786 924 1052 999 suisset,
1080 918 1535 987 divideretur-³
1625 921 1990 987 Haeredem
2017 928 2246 989 autem
2279 924 2603 1008 populum

410 1022 803 1089 Romanum
830 1023 1191 1105 reliquerat·
1210 1018 1509 1096 Attalus,
1538 1040 1664 1087 rex
1691 1022 2027 1104 Pergami,
2047 1022 2368 1090 Eumenis
2399 1024 2611 1089 filins.

414 1123 552 1190 Tot
590 1124 1097 1206 indignitatibus
1119 1130 1139 1169 ³
1186 1130 1565 1188 commotus
1611 1124 1898 1205 graviter
1943 1132 2232 1203 senatus,
2272 1132 2426 1190 ante
2463 1144 2611 1189 orn-f

413 1243 543 1291 nes
572 1225 657 1289 T.
692 1224 959 1291 Annius
990 1224 1383 1301 consularis,
1414 1225 1556 1307 qui,
1593 1244 1745 1289 cum
1772 1226 1839 1287 in
1867 1228 2100 1289 senatu
2127 1226 2200 1289 in
2225 1225 2602 1293 Gracchum

414 1331 819 1407 perorasset,
844 1328 1079 1406 raptus
1112 1324 1199 1389 ab
1224 1342 1305 1389 eo
1333 1323 1420 1388 ad
1451 1324 1778 1407 populum
1799 1324 2200 1409 delatusque
2227 1325 2434 1410 plebi,
2461 1346 2604 1391 rur-

416 1442 537 1493 sus
564 1425 633 1489 in
662 1442 810 1490 eum
850 1442 975 1506 pro
998 1424 1231 1491 rostris
1260 1426 1702 1492 concionatus
1733 1433 1860 1492 est.
1949 1425 2114 1493 Cum
2143 1426 2378 1493 iterum
2405 1428 2607 1495 tribu·-

413 1544 545 1591 nus
571 1524 793 1607 plebis
820 1526 1023 1592 creari
1051 1526 1253 1589 vellet
1283 1525 1656 1605 Gracchus,
1685 1531 1958 1592 auctore
1988 1528 2072 1593 P.
2104 1526 2420 1593 Cornelio
2452 1526 2602 1593 Na-

418 1627 584 1702 sica,
628 1627 700 1691 in
750 1625 1088 1709 Capitolio
1118 1628 1205 1691 ab
1236 1630 1728 1710 optimatibus⁴
1769 1631 2040 1697 occisus
2087 1637 2218 1707 cst,
2251 1630 2426 1697 ictus
2469 1631 2605 1713 pri·

409 1746 595 1791 mum
626 1727 1009 1809 fragmentis
1036 1730 1528 1803 subselliorum,
1564 1736 1637 1793 et
1675 1729 1842 1793 inter
1875 1729 2074 1808 alios,
2104 1732 2224 1813 qui
2261 1731 2330 1794 in
2369 1732 2604 1797 eadem

416 1829 751 1893 seditione
777 1830 987 1894 occisi
1016 1836 1223 1905 erant,
1252 1831 1632 1913 insepultus
1660 1830 1732 1893 in
1761 1829 2006 1895 flumen
2038 1831 2396 1914 projectus.
2460 1831 2610 1897 Res

416 1934 739 2013 praeterea
766 1931 837 1998 in
878 1929 1118 1997 Sicilia
1148 1932 1335 1995 vario
1377 1937 1620 1996 eventu
1659 1930 1983 1997 adversus
2017 1931 2338 2013 fugitivos
2372 1938 2602 2015 gestas

414 2030 737 2103 continet.

414 2250 515 2297 -2
548 2246 629 2299 Aa
648 2246 955 2311 cupiditatem
973 2246 1175 2308 amplam
1194 2246 1331 2295 modo
1354 2244 1574 2307 spen-anan·
1597 2243 1718 2293 edd.
1741 2250 1861 2295 ante
1877 2246 2043 2297 Gron.
2105 2245 2235 2309 Mox
2259 2250 2378 2309 pout
2397 2247 2606 2309 ostendit

415 2310 539 2361 add.
568 2310 626 2358 ob
652 2312 703 2360 id
737 2311 855 2359 edd.
888 2318 1007 2359 ante
1028 2312 1303 2371 Signia—8
1339 2310 1418 2359 Ex
1443 2309 1643 2357 emend.
1668 2308 1832 2359 (ἕπου.
1861 2324 1956 2373 pro
1979 2310 2384 2372 indignationibus
2405 2312 2456 2361 iu
2481 2312 2600 2360 edd.

414 2374 603 2437 priorr.
671 2374 797 2422 Mox
825 2376 841 2403 ⁸
865 2374 920 2423 Τ.
954 2372 1143 2421 Annius
1174 2388 1266 2421 cos.
1300 2374 1373 2423 ita
1410 2386 1487 2420 iv.
1526 2372 1657 2419 Mas.
1695 2379 1750 2422 et
1794 2376 1852 2422 T.
1888 2374 2090 2423 Amnius
2114 2374 2263 2423 Voss.
2295 2373 2361 2423 de
2393 2388 2494 2438 quo
2533 2374 2602 2423 Τ.

418 2440 591 2493 Annio
616 2452 668 2488 v.
688 2438 831 2487 Plut.
856 2438 1080 2487 Gracclr.
1110 2450 1162 2499 p.
1196 2441 1312 2487 ssi.
1381 2436 1519 2484 Hinc
1554 2440 1700 2485 recte
1733 2450 1827 2498 pro
1865 2440 1926 2487 C.
1955 2439 2038 2487 vel
2059 2436 2136 2487 A.
2159 2439 2244 2485 vel
2266 2438 2344 2485 M.
2365 2436 2606 2487 Antonias

416 2505 597 2563 consue,
618 2516 733 2563 quai
759 2502 844 2550 alii
880 2502 1065 2563 scripti
1098 2509 1152 2549 et
1185 2500 1319 2549 editi
1352 2499 1471 2549 libri
1509 2498 1819 2560 praeferunt,
1841 2502 2012 2551 Drak.
2047 2501 2316 2550 substituit
2339 2501 2394 2551 Τ.
2417 2500 2606 2549 Annius

416 2566 696 2627 consularis,
718 2573 777 2615 ut
800 2567 868 2614 sit
887 2566 952 2615 T.
976 2562 1195 2622 Annius,
1216 2565 1307 2629 qni
1331 2579 1379 2612 a.
1402 2563 1468 2611 U.
1494 2566 1612 2612 6⁰0.
1642 2566 1823 2612 consul
1846 2562 1946 2613 fuit
1968 2581 1984 2625 ς
2018 2564 2114 2612 nisi
2137 2578 2204 2626 ex
2227 2566 2381 2614 Festo
2405 2580 2456 2613 v.
2476 2567 2493 2592 ‘
2509 2566 2602 2613 Sa·

418 2637 539 2679 tura
556 2630 569 2653 '
590 2631 689 2691 leg.
711 2631 767 2679 Τ.
786 2631 973 2679 Annius
993 2629 1191 2677 Luscus.
1260 2628 1406 2677 Idem
1432 2632 1628 2687 monet,
1645 2628 1825 2689 sigon.
1849 2630 1982 2681 male
2002 2629 2302 2677 ern'endasse
2325 2629 2388 2677 Ρ.
2411 2630 2604 2678 Mucius

416 2692 703 2757 (Scaevola)
724 2696 896 2756 consul,
919 2692 1081 2769 [quod
1108 2692 1270 2741 Gron.
1294 2692 1504 2753 Doujat.
1530 2690 1709 2753 Crem]
1732 2706 1903 2755 quem.
1921 2694 2093 2742 occiso
2115 2690 2320 2741 demum
2345 2691 2603 2755 Graccho,

413 2772 483 2811 sex
505 2772 683 2809 somno
704 2759 844 2822 qiiasi
868 2762 1149 2807 excitatum
1186 2756 1367 2805 dicunt
1398 2756 1509 2803 Cic.
1535 2768 1588 2817 p.
1621 2754 1788 2803 Domo
1809 2760 1892 2807 ³4.
1915 2772 1967 2821 p.
1992 2758 2190 2807 Planco
2212 2761 2292 2806 86.
2316 2757 2431 2806 Val.
2456 2758 2602 2809 Max.

416 2835 505 2937 ιδῃ.
529 2826 578 2872 2.
593 2828 644 2873 7.
677 2820 803 2874 Aur.
828 2822 971 2873 vict.
992 2820 1061 2873 de
1084 2820 1225 2871 Viris
1258 2820 1349 2875 111.
1385 2835 1432 2870 c.
1453 2818 1553 2868 643
1589 2819 1890 2887 nupera—4
1923 2822 1966 2871 A
2001 2821 2283 2887 primatibus
2319 2820 2440 2872 edd.
2479 2829 2600 2875 ante

464 2900 605 2949 igon-

1190 3148 1201 3159 ‘
1296 3164 1478 3231 ms.
1524 3162 1733 3231 mx.

504 3350 925 3430 Numantini,
971 3350 1151 3415 same
1190 3352 1435 3427 coacti,
1484 3350 1620 3433 ipsi
1667 3368 1742 3413 se
1785 3367 1910 3433 per
1954 3348 2213 3415 vicem⁵
2259 3349 2602 3415 tradentes

414 3453 940 3523 trucidaverunt.
1030 3452 1314 3535 Captam
1360 3453 1597 3516 urbem
1623 3452 1880 3534 .Scipio
1926 3449 2284 3515 Africanus
2323 3450 2598 3530 delevit,

420 3563 490 3624 et
519 3556 604 3620 de
632 3575 717 3621 ea
737 3554 1191 3638 triumphavit,
1219 3553 1722 3636 quartodecimo
1754 3570 1928 3615 anno
1953 3557 2108 3635 post
2131 3550 2598 3632 Carthaginem

424 3656 740 3720 deletam.
828 3655 911 3718 P.
943 3652 1305 3737 Rupilius⁶
1334 3653 1573 3718 consul
1605 3654 1674 3717 in
1708 3649 1947 3716 Sicilia
1977 3671 2124 3717 cum
2155 3652 2451 3733 fugitivis
2481 3652 2600 3715 de·

420 3755 719 3820 bellavit.
802 3752 1255 3832 AristonicuS,
1297 3754 1470 3835 regis
1516 3752 1837 3817 Eumenis
1881 3754 2081 3828 filius,
2117 3752 2355 3817 Asiam
2397 3772 2596 3818 occu·

420 3856 635 3939 pavit,
666 3872 847 3932 cum,
878 3861 1275 3919 testamento
1304 3853 1518 3918 Attali
1554 3856 1730 3936 regis
1761 3853 1982 3917 delata
2005 3861 2029 3903 ⁷
2060 3854 2314 3936 populo
2347 3852 2598 3919 Roma·

418 3976 535 4030 no,
562 3957 773 4021 libera
816 3974 967 4019 esse
1007 3954 1291 4021 deberet.
1378 3956 1726 4020 Adversus
1773 3976 1922 4019 eum
1962 3954 2044 4017 P.
2079 3954 2373 4019 Licinius
2403 3954 2598 4019 Cras·

412 4077 541 4125 sus
571 4056 826 4138 consul,
856 4073 1011 4121 cum
1038 4056 1215 4123 idem
1260 4056 1567 4141 pontifex
1605 4058 1936 4121 maximus
1965 4062 2167 4133 esset,
2197 4053 2412 4141 (quod
2441 4072 2602 4118 nun·

1330 4222 1387 4241 00
1397 4220 1535 4242 ’,ΝΟ
1542 4220 1626 4240 OOC
1631 4222 1687 4240 00

485 4321 517 4364 5
550 4316 704 4369 Malit
725 4318 889 4370 Drak.
912 4320 965 4371 ia
984 4320 1148 4371 vicena
1212 4318 1341 4369 Post
1362 4321 1509 4368 tieem
1532 4316 1762 4367 scribunt
1783 4316 2024 4365 trudentes
2053 4312 2174 4363 edd.
2206 4317 2326 4363 ante
2360 4312 2601 4376 Sigon.-

550 4396 723 4462 Παρὰ.
745 4406 791 4450 et
813 4400 927 4452 Ver.
951 4402 1081 4451 Clas·
1403 4398 1592 4449 Livius.
2315 4396 2376 4443 17
2411 4394 2468 4441 M
