3159 4959
568 405 745 472 5734

607 658 805 706 Suetnn.

571 721 697 782 Aug.
718 725 797 770 96.
819 727 870 766 et

570 785 698 832 Plut.

570 945 737 992 Zonar.

572 1041 729 1088 Strab.

572 1105 712 1154 Paus.
746 1119 841 1150 vu.

574 1327 717 1376 Paus.
740 1343 791 1378 x.

574 1902 719 1952 Paua.
744 1918 838 1949 vu.

584 2727 725 2802 plats

1532 415 1599 463 'l'-
1651 413 1837 462 mvn

896 559 1113 617 cellum
1158 556 1491 616 faciendum
1520 558 1750 615 curavit
1774 556 1883 614 sub
1909 553 2030 624 dio,
2067 553 2227 632 quod
2254 555 2454 612 rostris
2477 564 2786 636 captarum

896 655 1132 712 navium
1186 661 1531 712 exornatum
1585 660 1691 710 est.
1779 649 2009 708 Eodem
2053 649 2184 708 loco
2233 651 2490 708 hominis
2531 658 2592 708 et
2641 649 2792 708 asini

894 753 1121 825 signum
1162 769 1236 807 ex
1278 767 1389 806 aere
1431 749 1646 827 posuit,
1689 747 1788 825 qui
1826 745 1902 804 ad
1929 746 2198 825 praelium
2235 745 2575 824 procedenti
2617 763 2790 804 omen

896 847 1178 915 fecerant,
1222 845 1369 904 alter
1416 845 1677 923 Eutychi
1725 863 1936 902 nomen
1987 843 2232 909 habens,
2281 841 2431 900 alter
2467 841 2789 903 Nicontis:

897 962 1030 1019 quae
1052 951 1263 1000 statuae
1286 947 1487 1020 postea
1512 935 2068 1016 Constantinopolin
2093 945 2458 1005 transvectae,
2479 938 2536 994 in
2565 937 2795 1000 theatro

900 1036 1062 1094 Circi
1114 1042 1419 1095 steterunt.
1506 1033 1711 1114 Ipsam
1765 1053 1998 1112 quoque
2062 1032 2265 1090 urbem
2323 1051 2437 1091 non
2501 1035 2794 1094 manubiis

898 1142 1148 1200 tantum,
1176 1130 1278 1190 sed
1303 1131 1480 1189 etiam
1502 1131 1805 1189 convectis
1821 1131 1880 1187 in
1902 1148 2028 1186 eam
2049 1127 2394 1207 oppidorum
2417 1133 2793 1203 ornamentiS,

899 1245 1147 1304 quorum
1187 1235 1249 1284 et
1287 1224 1509 1284 incolas
1548 1244 1620 1284 eo
1661 1223 2060 1292 transtulerat,
2093 1223 2490 1301 conspicuam·
2515 1223 2791 1286 reddidit.

900 1322 982 1379 Et
1008 1341 1126 1399 quo
1162 1323 1444 1398 majorem
1486 1339 1639 1378 novo
1684 1319 1903 1399 populo
1941 1317 2340 1394 dignationem
2381 1319 2792 1392 circumdaret,

898 1417 1046 1474 inter
1089 1416 1564 1495 Amphictyonas
1589 1415 1786 1474 locum
1818 1416 1874 1473 ei
1911 1414 2102 1482 dedit,
2131 1413 2420 1490 suffragiis
2463 1413 2791 1496 Dolopum,

898 1533 1031 1590 quae
1056 1531 1198 1589 gens
1238 1510 1459 1591 pridem
1500 1511 1824 1579 interierat,
1855 1511 1913 1567 in
1953 1509 2416 1588 Nicopolitanos
2447 1509 2706 1581 collatis,
2734 1521 2794 1574 et

898 1626 1030 1685 quae
1056 1607 1393 1684 Magnetes,
1433 1605 1908 1683 Maleensesque,
1957 1615 2018 1662 et
2042 1624 2175 1662 cum
2202 1603 2552 1664 AEnianibus
2578 1606 2794 1666 Achaei

902 1701 1206 1760 Phthiotae
1232 1701 1607 1769 habuissent:
1653 1720 1801 1778 quas
1837 1700 2111 1759 civitates
2145 1700 2438 1759 communi
2479 1698 2792 1762 Thessalo-

898 1815 1025 1854 rum
1062 1797 1491 1855 contribuebat.

986 1899 1079 1952 11.
1126 1891 1345 1950 Patras
1370 1892 1570 1959 etiam,
1601 1909 1735 1969 quae
1763 1909 1974 1967 magno
2006 1889 2270 1968 partibus
2293 1889 2638 1968 adjumento
2665 1891 2791 1951 fue·

900 1999 1054 2056 rant,
1082 1989 1411 2064 immigrare
1430 1987 1626 2062 coegit
1649 2005 1726 2044 ex
1747 1984 2014 2044 finitimis
2031 1983 2329 2064 oppidulis
2349 1986 2627 2044 homines.
2671 1986 2793 2046 Sed

899 2093 975 2140 et·
1007 2082 1247 2161 Rhypis
1289 2083 1504 2142 eversis
1542 2081 1982 2140 multitudinem
2023 2080 2272 2139 deduxit
2315 2080 2564 2140 Patras:
2619 2085 2792 2161 oppi-

899 2177 1041 2236 dum
1066 2177 1375 2237 commodo
1400 2177 1836 2258 appellentibus
1859 2178 1974 2235 situ
2005 2177 2263 2246 interire,
2292 2185 2358 2234 ut
2379 2186 2658 2256 coeperat,
2683 2179 2793 2235 mi-

901 2274 1056 2331 nime
1084 2293 1309 2352 passus.
1394 2272 1589 2349 Igitur
1621 2280 1684 2330 et
1719 2271 1860 2330 solis
1901 2269 2259 2330 Achaeornm
2301 2269 2633 2330 libertatem
2658 2291 2794 2332 cum

891 2371 1029 2446 jure
1054 2369 1305 2427 coloniae
1332 2369 1628 2428 Romanae
1649 2368 1877 2436 tribuit,
1897 2373 1961 2424 et
1977 2366 2054 2424 de
2081 2365 2281 2444 spoliis
2301 2365 2793 2446 Calydoniorum,

900 2473 1025 2522 tum
1072 2463 1190 2522 alia
1231 2472 1596 2531 ornamenta,
1649 2470 1776 2520 tum
1830 2460 2046 2519 Dianae
2101 2460 2372 2539 Laphriae
2422 2462 2792 2522 simulacrum

901 2557 1057 2616 dono
1082 2555 1263 2616 dedit.
1350 2557 1578 2615 Verum
1607 2558 1734 2614 haee
1763 2553 1840 2614 ad
1864 2555 2173 2634 sequentia
2197 2565 2463 2636 tempora
2501 2559 2794 2635 pertinue-

902 2663 1053 2712 runt.

980 2754 1080 2805 12.
1127 2746 1221 2804 At
1261 2748 1620 2816 Antonium,
1663 2765 1737 2804 ex
1785 2745 1996 2825 praelio
2046 2744 2376 2825 profugum,
2415 2747 2582 2825 signo
2628 2750 2796 2808 navis

900 2841 1125 2900 eminus
1164 2851 1502 2920 conspecto,
1544 2842 1868 2920 Cleopatra
1917 2860 2186 2910 noscens,
2241 2841 2493 2900 inhibuit
2541 2862 2793 2913 cursum,

901 2935 1091 2996 donee
1116 2938 1275 3014 regia
1302 2939 1578 3017 praetoria
1599 2936 1925 2996 venientem
1943 2937 2276 3015 acciperet:
2320 2938 2794 3017 transcenditque

902 3031 1030 3103 ille,
1058 3053 1167 3091 nec
1194 3034 1391 3092 videre
1420 3034 1679 3111 reginam
1723 3033 2032 3100 sustinens,
2061 3051 2168 3090 nec
2201 3032 2277 3090 ab
2313 3051 2387 3090 ea
2410 3031 2620 3102 videri,
2647 3035 2796 3092 taci-

904 3137 999 3186 tus
1025 3138 1087 3188 et
1112 3130 1564 3208 cogitabundus,
1603 3128 1847 3188 suffulto
1873 3129 2141 3186 manibus
2165 3129 2384 3207 capite,
2413 3129 2471 3187 in
2501 3149 2670 3208 prora
2703 3151 2796 3189 se-

903 3223 1125 3298 debat:
1168 3226 1377 3295 donec,
1416 3227 1495 3284 ad
1528 3225 1846 3284 tumultum
1887 3224 2350 3302 persequentium
2393 3227 2640 3285 navibus
2683 3227 2794 3285 cir-

866 3321 1136 3396 cumagi
1172 3323 1375 3396 jussis,
1422 3329 1650 3379 ceteros
1687 3319 1848 3379 haud
1888 3337 2039 3396 aegre
2075 3320 2424 3378 summovit:
2471 3323 2637 3380 navis
2679 3342 2796 3381 una

904 3423 1337 3490 perseveranter
1366 3414 1643 3482 instabat,
1670 3414 1842 3490 cujus
1878 3413 1936 3470 in
1975 3413 2244 3472 tabulato
2281 3414 2526 3494 quidam
2557 3417 2794 3475 minita-

905 3507 1107 3567 bundo
1146 3519 1309 3585 gestu
1346 3509 1614 3567 lanceam
1649 3507 1888 3566 vibrans
1919 3509 2236 3568 eminebat.
2323 3509 2388 3568 Is
2413 3511 2795 3588 interroganti

908 3602 1197 3672 Antoni0,
1217 3615 1233 3638 ‘
1257 3604 1347 3663 Tu
1364 3605 1496 3682 quis
1513 3623 1597 3673 es,
1616 3602 1947 3661 Antonium
1967 3604 2069 3682 qui
2087 3607 2450 3684 persequeris
2469 3609 2494 3663 ’ἶ
2512 3609 2530 3634 ’
2557 3617 2572 3641 ‘
2596 3607 2794 3687 Eury·-

906 3695 1071 3767 cles,'
1099 3699 1307 3777 inquit,
1336 3709 1352 3735 ‘
1386 3699 1666 3758 Lacharis
1693 3697 1871 3768 filius,
1901 3698 2083 3767 Laco,
2113 3699 2364 3759 Caesaris
2383 3701 2616 3760 fortuna
2641 3721 2796 3761 mor-

908 3804 1026 3853 tem
1054 3797 1235 3875 patris
1260 3796 1375 3854 mei
1402 3797 1757 3874 persequor.’
1839 3793 1994 3852 Eum
2021 3797 2176 3852 enim
2219 3796 2521 3855 Antonius
2557 3797 2792 3856 latroci-

908 3893 991 3950 nii
1018 3892 1257 3951 crimine
1280 3893 1469 3950 securi
1498 3899 1877 3971 percusserat.
1963 3889 2186 3968 Neque
2213 3901 2408 3952 tamen
2435 3894 2790 3972 praetoriam,

908 3988 965 4044 in
992 4007 1113 4066 qua
1138 3996 1261 4046 tum
1305 3987 1608 4047 Anto-nius
1647 3995 1795 4055 erat,
1833 3984 1934 4044 sed
1983 3985 2228 4045 alteram
2267 3989 2462 4062 (binas
2501 3991 2789 4068 habebat)

906 4084 1121 4141 invasit
1145 4103 1158 4141 :
1202 4103 1386 4161 eaque
1412 4091 1473 4140 et
1498 4082 1620 4140 alia
1643 4081 1923 4160 quadam,
1950 4101 2082 4160 quae
2118 4083 2428 4162 pretiosam
2453 4085 2789 4164 supellecti-

909 4177 1023 4236 lem
1054 4181 1325 4250 vehebat,
1356 4181 1622 4258 abrepta,
1649 4181 1900 4239 recessit.
