3159 4959
849 428 1057 478 maru
1107 427 1454 476 cxxxiii.
1497 430 2138 484 surpnssusswruu.
2426 419 2606 485 ’5751

392 565 711 637 dilanians,
745 566 1074 649 faciemque
1114 578 1177 630 et
1210 579 1414 650 pectus
1454 575 1805 652 percutiens,
1845 594 2107 635 cruorem
2148 579 2282 637 abs-

392 663 679 740 tergebat,
746 663 956 734 virum,
1016 664 1339 736 dominum,
1406 669 1815 748 imperatorem
1876 670 2234 750 appellando
2265 693 2279 730 :

395 767 514 818 tam
561 760 860 820 verisimili
906 760 1132 832 dolore,
1181 772 1249 822 ut
1291 783 1523 823 suorum
1572 767 1761 827 oblita
1799 768 2086 827 malorum
2124 769 2284 830 iuiu-

391 855 758 917 miseratione
794 856 1111 918 videretur.
1193 857 1346 918 Sunt
1385 863 1487 939 qui
1524 861 1766 922 tradant
1791 864 2005 943 ipsam,
2041 885 2156 925 non
2189 867 2278 944 ig.
2305 869 2425 921 Dio.

391 972 592 1012 nai-am
635 962 995 1033 quantopere
1038 963 1355 1025 amaretur,
1392 955 1525 1017 ideo
1558 970 1954 1019 commentum
1983 960 2064 1019 de
2095 970 2283 1023 morte

389 1067 497 1107 aua
533 1050 923 1126 excogitasse,
954 1057 1021 1110 ut
1053 1049 1385 1110 Antonium
1420 1051 1499 1111 ad
1531 1072 1736 1113 necem
1772 1055 1885 1114 sibi
1920 1056 2279 1117 inferendam

385 1143 785 1223 compelleret.
869 1143 990 1204 Sed
1024 1147 1167 1223 quia
1201 1157 1405 1226 postea
1436 1167 1699 1228 quoque,
1725 1150 1868 1210 lieet
1899 1151 2101 1212 multis
2139 1153 2276 1213 (3ae-

387 1239 532 1298 saris
565 1239 886 1300 amicorum
913 1240 1205 1319 promissis
1229 1240 1474 1313 laetata,
1499 1248 1896 1322 perseveravit
1917 1249 2101 1317 ωσι-ὴ
2143 1269 2281 1330 pro-

387 1335 645 1395 babilior
676 1355 753 1394 ea
782 1336 911 1395 visa
946 1345 1039 1397 est
1074 1338 1352 1408 narratio,
1378 1358 1555 1418 quam
1593 1360 1724 1400 sum
1755 1353 2063 1404 executus.
2139 1346 2275 1406 An-

386 1431 553 1490 tonio
590 1439 751 1491 certe
786 1430 982 1491 luctu·
1016 1433 1125 1492 iste
1160 1433 1434 1494 solatium
1471 1437 1532 1495 in
1569 1440 1856 1499 extremis
1883 1441 2145 1503 attulisse
2183 1443 2275 1503 di·
2298 1453 2429 1505 Plut.

386 1526 583 1592 citum
652 1525 1060 1606 poamlatoque
1110 1548 1295 1599 mero,
1346 1531 1469 1589 sive
1518 1542 1763 1610 urgens
1811 1536 1932 1606 siti,
1982 1539 2106 1596 sive
2157 1558 2277 1617 quo

384 1620 641 1681 celerius
669 1622 988 1701 expiraret,
1023 1622 1290 1683 hortatus
1326 1634 1444 1695 ea,
1469 1635 1489 1661 ⁴
1511 1629 1622 1697 uti,
1651 1639 1934 1708 quantum
1967 1633 2118 1692 citra
2153 1643 2270 1693 tur·

386 1716 710 1796 pitadinem
736 1726 953 1796 posset,
981 1719 1265 1780 rationem
1291 1720 1534 1782 haberet
1554 1725 1762 1785 salutis
1785 1746 1941 1786 suae:
1985 1739 2162 1808 atque
2194 1751 2271 1791 ex

383 1811 653 1871 omnibus
680 1812 885 1872 amicis
910 1811 1166 1872 omis
1191 1812 1265 1874 C.
1296 1816 1618 1878 Proculeio
1644 1823 1901 1881 maxime
1929 1823 2270 1885 confideret.
2305 1838 2311 1843 ’

386 1905 467 1968 Se
491 1927 632 1971 vero
656 1928 732 1967 ne
761 1907 1047 1986 magiuob
1073 1911 1446 1973 novissimum
1465 1935 1668 1974 casum
1688 1926 1924 1996 putaret
1941 1919 2274 1980 deflendum

384 2021 528 2073 oese,
564 2021 747 2082 quam
786 2021 892 2083 pro
933 2002 1232 2064 fortunato
1271 2007 1631 2079 habendum,
1673 2013 1774 2088 qui
1814 2022 1979 2072 tanto
2010 2023 2275 2095 tempore

382 2097 625 2157 maximi
660 2100 885 2180 imperii
927 2120 1189 2179 compos,
1229 2111 1521 2180 postremo
1562 2103 1876 2167 Romanus
1915 2130 1954 2168 a
1996 2110 2276 2172 Romano

382 2205 682 2273 seperatim
720 2196 913 2255 esset?

458 3353 556 3406 51.
598 3344 737 3404 Jam
773 3345 831 3403 in
857 3347 987 3404 sinu
1015 3345 1353 3425 Cleopatrae
1376 3343 1616 3406 efflabat
1638 3345 1915 3412 animam,
1942 3362 2079 3402 cum
2105 3343 2262 3403 idem
2286 3354 2401 3409 Dio.
2419 3355 2556 3408 Plut-

378 3440 480 3500 ille
522 3440 876 3500 Proculeius
918 3442 1095 3502 missu
1136 3441 1387 3501 Caesaris
1425 3440 1616 3500 affuit.
1699 3439 1867 3499 Nam
1900 3441 2049 3499 inter
2085 3440 2262 3521 trepi-

377 3535 677 3596 dationem
701 3537 991 3596 vulnerati
1016 3537 1428 3616 exportatique
1452 3535 1730 3604 Antonii,
1759 3534 2104 3596 Dercetaeus
2133 3538 2264 3614 qui-

378 3630 540 3701 dam,
565 3651 642 3689 ex
681 3632 1000 3693 satellitum
1038 3652 1299 3701 numero,
1326 3632 1636 3710 pugionem
1669 3641 1971 3692 cruentum
2013 3631 2090 3690 ad
2126 3630 2261 3690 Cae—

376 3744 565 3785 sarem
608 3726 923 3797 detulerat,
962 3730 1233 3808 exposito
1276 3727 1417 3808 quid
1463 3726 1792 3787 accidisset.
1883 3728 2080 3787 Aiunt
2124 3726 2261 3786 Cae-

376 3841 562 3880 sarem
608 3820 687 3881 ad
732 3823 997 3883 nuntium
1042 3843 1157 3882 non
1206 3823 1457 3882 tenuisse
1503 3822 1818 3901 lacrymas,
1861 3822 2263 3882 recordatione

375 3917 654 3995 priorum,
684 3926 746 3976 et
782 3928 929 3996 quot
960 3927 1327 3998 quantasque
1359 3938 1450 3977 res
1483 3917 1597 3997 hoc
1627 3916 1857 3994 collega
1889 3926 2066 3996 atque
2104 3917 2263 3976 socio

379 4012 723 4090 peregisset,
768 4013 969 4072 amicis
1003 4013 1217 4073 deinde
1251 4013 1591 4072 convocatis
1622 4013 1895 4072 recitasse
1926 4012 2142 4083 literas,
2169 4032 2260 4070 os-

377 4117 700 4178 tensurum,
726 4127 904 4186 quam
938 4107 1015 4168 ad
1053 4127 1226 4189 oequa
1253 4127 1360 4167 sua
1386 4107 1682 4187 postulata
1706 4107 2098 4186 benignosque
2121 4126 2258 4168 con·-

377 4199 648 4274 ditiones,
699 4204 926 4283 semper
989 4202 1091 4262 ille
1141 4203 1561 4263 contumaciter
1610 4212 1673 4263 et
1721 4202 1969 4263 absurde
2021 4222 2257 4282 respon-

378 4294 578 4357 disset.
