3159 4959
512 328 689 395 5562
1395 278 1406 287 ι
1483 342 1552 391 τ.
1604 340 1789 390 mvn

841 497 858 525 ‘
877 488 1204 548 temerariae
1229 484 1464 545 fiduciae
1491 484 1681 545 Lucio
1704 482 2027 561 ceterisque
2052 482 2362 541 accesserit
2383 502 2461 541 ex
2486 481 2737 545 lenitate

841 603 994 653 mea,
1025 603 1140 643 non
1179 602 1306 643 sum
1343 582 1599 650 nescius,
1624 579 1783 659 quod
1818 580 2025 659 patrioe
2058 597 2221 638 amor
2245 597 2317 637 ae
2342 578 2556 655 quietis
2580 589 2735 651 erat,

839 678 1308 739 imbecillitatem
1341 688 1405 738 et
1443 686 1665 737 metum
1704 675 2239 756 interpretantibus.
2325 674 2457 752 Ego
2489 694 2631 735 vero
2672 686 2739 736 et

709 810 716 816 -
837 776 1162 835 exercitum
1195 774 1460 835 validum
1496 773 1711 843 habeo,
1738 771 2071 831 succinctus
2092 780 2219 830 tum
2242 772 2555 842 veteranis,
2583 791 2734 850 quo-

835 892 964 933 rum
1003 870 1246 952 praemia
1285 870 1689 950 intempestive
1732 870 2201 937 interven-tantur,
2236 876 2361 926 tum
2400 868 2547 927 meis
2584 868 2734 947 leg-i-

835 968 1065 1029 onibus.
1149 968 1367 1027 Cetera
1401 987 1637 1047 quoque
1669 965 1839 1025 firma
1860 974 1998 1024 sunt
2020 965 2251 1024 omnia:
2294 984 2483 1044 neque
2506 963 2733 1024 dudum

835 1064 1025 1125 abfuit
1067 1066 1409 1144 quicquam,
1456 1062 1619 1143 quod
1662 1062 1741 1123 ad
1782 1060 2005 1123 bellum
2044 1060 2356 1139 gerendum
2396 1062 2732 1140 pertineret,

833 1170 1044 1239 praeter
1081 1160 1466 1219 voluntatem.
1551 1158 1693 1219 Nec
1734 1158 1887 1217 enim
1926 1178 2023 1216 me
2061 1156 2341 1227 delectat,
2376 1158 2427 1215 si
2468 1176 2589 1235 qua
2626 1178 2733 1217 su-

831 1254 1136 1334 persedere
1178 1255 1379 1325 liceat,
1405 1254 1611 1315 civilia
1650 1253 1813 1313 bella
1851 1273 2071 1332 gerere,
2094 1262 2159 1313 et
2188 1252 2415 1331 reliquo
2450 1250 2735 1315 Romano

829 1351 1112 1429 sanguine
1161 1351 1240 1411 ad
1290 1359 1550 1411 mutuam
1598 1351 1915 1430 perniciem
1958 1349 2157 1419 abuti;
2210 1349 2533 1429 praesertim
2572 1353 2733 1429 ejus-

831 1446 992 1505 modi
1031 1445 1217 1517 bella,
1261 1466 1396 1527 quae
1442 1467 1558 1506 non
1598 1466 1677 1505 ex
1726 1446 2089 1505 Macedonia
2129 1453 2231 1504 aut
2268 1444 2527 1504 Thracia
2559 1446 2733 1505 audi-

833 1550 1024 1611 antur,
1045 1543 1150 1601 sed
1177 1562 1422 1621 quorum
1447 1542 1615 1601 sedes
1639 1542 1837 1601 futura
1858 1542 1937 1600 sit
1964 1539 2171 1611 Italia,
2198 1540 2399 1599 multis
2418 1538 2735 1601 afficienda

831 1636 1096 1707 miseriis,
1142 1638 1322 1697 etiam
1367 1638 1416 1695 si
1461 1656 1735 1697 numerus
1776 1636 2115 1697 cadentium
2162 1636 2221 1695 in
2274 1636 2563 1695 rationem
2614 1656 2734 1697 non

833 1733 1051 1792 veniat.
1161 1733 1344 1803 Ham,
1389 1733 1518 1793 haec
1559 1742 1718 1802 sunt,
1765 1752 1899 1811 quae
1945 1752 2040 1791 me
2086 1732 2311 1812 pridem
2356 1732 2735 1793 insolentiam

832 1830 1210 1906 pessimorum
1253 1827 1548 1888 hominum
1586 1829 1913 1908 opprimere
1950 1829 2295 1905 gestientem
2329 1830 2633 1891 continent
2658 1848 2735 1889 ac

711 1974 716 1979 .
831 1924 1148 1983 retardant.
1233 1924 1415 1990 Quod
1454 1926 1611 1984 enim
1650 1922 1729 1984 ad
1774 1920 2053 1983 Marcum
2094 1925 2327 1993 attinet,
2360 1943 2515 1983 nunc
2548 1926 2729 1985 etiam

830 2039 938 2079 vos
973 2029 1178 2091 testor,
1207 2040 1315 2081 nec
1351 2021 1428 2080 de
1469 2021 1578 2081 illo
1620 2040 1714 2079 me
1750 2020 1939 2100 queri,
1966 2040 2075 2079 nec
2108 2020 2465 2079 commisisse
2500 2041 2603 2080 cur
2626 2019 2735 2082 ille

828 2114 904 2175 de
931 2136 1024 2175 me
1051 2126 1346 2197 queratur.
1406 2117 1518 2185 ,Et
1541 2118 1671 2177 haec
1696 2116 1933 2196 quidem
1960 2136 1999 2175 a
2022 2116 2191 2176 vobis
2217 2114 2487 2188 Lucium,
2511 2117 2731 2196 quique

829 2231 964 2271 cum
1003 2234 1078 2271 eo
1111 2224 1270 2283 sunt,
1297 2213 1555 2286 edoceri,
1583 2212 1841 2293 publicae
1875 2222 2203 2292 vestroeque
2239 2213 2324 2271 rei
2356 2213 2734 2273 vehementer

831 2306 1083 2367 interest.
1169 2308 1353 2375 Quod
1387 2310 1438 2367 si
1475 2308 1689 2368 frustra
1728 2316 2031 2387 susceptus
2064 2308 2163 2367 hic
2198 2307 2367 2367 labor
2397 2308 2533 2378 erit,
2556 2318 2619 2367 et
2642 2310 2731 2367 in·-

695 2412 707 2422 ’
829 2404 1020 2461 sanire
1067 2403 1287 2462 Lucius
1340 2412 1566 2482 perget,
1614 2412 1739 2463 tum
1784 2423 1927 2463 vero
1974 2403 2279 2463 ostendam
2331 2404 2573 2475 homini,
2622 2404 2735 2464 ali-

829 2497 1066 2577 quando
1115 2498 1258 2557 mihi
1310 2500 1695 2579 propositum,
1744 2518 2041 2577 nunquam
2087 2500 2243 2559 vires
2282 2500 2361 2559 ad
2409 2498 2735 2559 defenden-

827 2592 966 2651 dam
1011 2593 1359 2671 dignitatem
1402 2613 1617 2664 meam,
1665 2594 2203 2674 propulsandasque
2248 2595 2515 2672 injurias,
2556 2594 2729 2655 desu-

829 2690 958 2749 isse.
1066 2688 1276 2768 Atque
1317 2690 1524 2749 horum
1569 2692 1829 2749 omnium
1873 2711 1980 2750 vos
2023 2690 2166 2749 mihi
2212 2699 2413 2761 testes,
2462 2701 2523 2751 et
2566 2693 2727 2771 apud

825 2786 1235 2865 vosmetipsos,
1263 2793 1337 2844 ·et
1371 2786 1531 2865 apud
1574 2786 1849 2846 Marcum
1884 2786 2085 2846 eritis.'

905 2886 1007 2943 27.
1050 2880 1145 2940 At
1169 2879 1258 2939 illi
1284 2900 1478 2939 rursus
1503 2882 1811 2942 Praeneste
1839 2880 2302 2962 proficiscuntur,
2324 2902 2531 2961 pacem
2556 2903 2725 2962 quae-

825 2984 1018 3034 rentes
1042 2975 1283 3036 irritam.
1352 2976 1597 3057 Quippe
1626 2977 1861 3047 Lucius,
1890 2986 1907 3014 ‘
1926 2996 2119 3037 serum
2138 2977 2199 3037 id
2222 2978 2377 3037 esse'
2406 2978 2727 3058 respondit,

825 3079 844 3105 ‘
875 3079 1184 3150 postquam
1220 3080 1459 3131 ventum
1499 3072 1578 3131 ad
1614 3092 1821 3131 manus
1854 3073 1967 3131 sit:
2014 3071 2397 3152 fraudemque
2423 3074 2579 3133 hanc
2602 3094 2731 3133 eme

825 3165 1100 3239 Caesaris,
1127 3167 1246 3227 alia
1281 3166 1645 3248 praeferentis
1677 3168 1884 3236 verbo,
1910 3186 2045 3226 cum
2078 3168 2254 3227 rebus
2278 3170 2422 3248 ipsis
2450 3168 2729 3228 Marcum

823 3262 1144 3341 impugnet,
1172 3264 1402 3341 legione
1437 3266 1617 3322 etiam
1662 3263 2041 3323 Brundisium
2084 3265 2261 3323 missa
2296 3264 2374 3324 ad
2410 3263 2727 3323 arcendum

822 3376 956 3414 eum
1009 3357 1200 3441 aditu·
1227 3358 1471 3419 Italiae)
1580 3357 1826 3418 Manius
1875 3359 2059 3419 etiam
2120 3358 2319 3419 literas
2376 3360 2731 3421 ostendebat

825 3450 1046 3521 Marci,
1089 3454 1374 3513 incertum
1415 3474 1488 3512 an
1531 3452 1727 3524 fictas,
1770 3454 1985 3533 quibus
2027 3454 2373 3532 dignitatem
2414 3476 2581 3515 suam
2616 3456 2725 3515 de-

821 3544 986 3605 fendi
1009 3548 1268 3625 jubebat
1300 3548 1395 3609 vel
1433 3549 1631 3608 armis.
1716 3548 2085 3629 Senatusque
2126 3550 2356 3628 legatis,
2386 3561 2404 3587 ‘
2426 3552 2559 3631 quis
2582 3572 2725 3630 ergo

819 3642 1168 3720 dig-nitatem
1193 3646 1322 3722 ejus
1349 3643 1628 3714 laederet‚'
1652 3646 2070 3724 quaerentibus,
2098 3644 2598 3727 offerentibusque
2617 3650 2723 3726 ju-

819 3735 1003 3810 dices,
1028 3739 1152 3799 alia
1186 3739 1462 3819 quaedam
1499 3740 1743 3799 Manius
1772 3742 2021 3819 objecit,
2064 3741 2253 3801 donee
2278 3743 2496 3804 infecta
2532 3762 2595 3803 re
2630 3763 2720 3802 re-

820 3832 1029 3895 ditum.
1113 3836 1218 3897 Ne
1257 3837 1590 3895 renuntiata
1629 3836 1869 3915 quidem
1913 3837 2159 3905 Caesari,
2200 3837 2449 3917 pudore,
2490 3848 2557 3898 ut
2594 3858 2722 3899 cre-

821 3927 1000 4000 ditur,
1041 3932 1187 3990 irriti
1226 3933 1467 4013 incepti,
1507 3931 1725 4011 legatio
1760 3942 1868 3993 est.

495 4001 610 4114 1530·
627 3999 722 4064 ΕΡ
724 4007 761 4049 ²⁰
899 4030 998 4085 28.
1043 4025 1281 4087 Idcirco
1321 4028 1545 4097 Caesar,
1574 4028 1803 4109 Lepido
1844 4047 1977 4087 cum
2020 4027 2251 4087 duabus
2286 4028 2613 4106 legionibus
2640 4027 2721 4088 ad

494 4129 628 4195 Appi
631 4146 710 4179 an.
819 4118 1064 4180 tutelam
1097 4105 1280 4182 Urbis
1303 4123 1528 4193 relicto,
1555 4123 1863 4184 contendit
1888 4122 2139 4193 Albam,
2168 4124 2271 4181 ubi
2296 4122 2433 4183 duae
2460 4124 2720 4202 legiones
