3159 4959
534 440 716 507 5650

541 779 752 847 Appian-

544 1390 755 1483 Appisu.

575 1544 705 1594 Plin-
745 1561 844 1596 vu.

541 1614 608 1658 ⁴5

411 1718 422 1729 ,
544 1646 755 1739 Appian-

544 2608 660 2657 Dio.

545 4224 659 4276 Dio.

1509 448 1579 502 ⁶1¹.
1626 450 1817 501 mvn

861 590 1207 673 Tyndaride
1233 592 1552 664 Coesarem,
1580 594 1865 674 oppositis
1890 590 2049 673 apud
2092 590 2379 651 Dianium
2415 594 2644 666 castris,
2671 592 2755 655 le*

863 687 1038 748 vibus
1059 690 1324 768 equitum
1351 686 1570 767 preliis
1608 688 1897 757 distinuit,
1932 706 2145 767 pugnae
2182 708 2247 746 se
2272 687 2571 747 nolentem
2592 708 2756 749 com·

861 784 1138 843 mittere:
1194 781 1386 843 donec
1426 782 1593 842 fama
1642 782 2020 843 adventantis
2064 782 2353 863 Agrippoe
2392 784 2643 853 excitus,
2680 780 2759 843 ad

865 876 1154 937 Pelorum
1179 878 1617 937 transcucurrit.
1670 875 1771 937 Sic
1796 877 2033 937 relictas
2049 878 2303 937 bostium
2328 877 2583 937 discessu
2615 877 2758 957 My-

865 970 1114 1032 lensium
1153 972 1356 1031 fauces
1395 971 1599 1034 caem
1634 972 1967 1051 occupavit,
2010 981 2251 1053 recepto
2288 973 2471 1032 etiam
2512 970 2757 1043 Dianio,

864 1086 1048 1145 parvo
1073 1066 1380 1147 oppidulo,
1403 1066 1507 1127 sed
1535 1084 1765 1144 magnai
1788 1067 1851 1125 in
1876 1066 2097 1126 fabulis
2118 1067 2317 1139 famoe,
2340 1074 2577 1147 propter
2598 1065 2760 1127 Solis

868 1168 1158 1233 amenta,
1185 1182 1320 1242 quae
1346 1162 1489 1221 socii
1518 1161 1757 1242 Ulyssis
1782 1162 1866 1221 ibi
1892 1172 2177 1221 mactasse
2200 1162 2557 1223 ferebantur.

945 1264 1046 1317 21.
1091 1256 1216 1317 His
1237 1258 1412 1317 rebus
1429 1257 1701 1335 cognitis,
1718 1267 1781 1317 et
1802 1266 2101 1337 comperto
2126 1258 2443 1318 adventum
2470 1256 2759 1337 Agrippae

864 1352 1017 1413 falso
1031 1356 1330 1433 jactatum
1355 1353 1551 1424 fuisse,
1576 1350 1877 1413 Tisienum
1904 1349 2155 1413 Gallum
2172 1351 2503 1433 Pompeius
2526 1352 2759 1413 accivit.

867 1448 946 1515 Ei
975 1447 1180 1509 Caesar
1201 1448 1442 1509 obviam
1467 1448 1674 1520 iturus,
1702 1449 1998 1509 aberravit
2014 1468 2051 1507 a
2064 1448 2165 1509 via
2186 1448 2347 1509 circa
2370 1448 2757 1527 Myconium:

865 1553 952 1615 et,
975 1545 1120 1623 quia
1143 1564 1278 1604 cum
1303 1543 1599 1623 expeditis
1621 1544 1833 1623 copiis,
1858 1552 1925 1603 ut
1960 1540 2037 1603 sd
2064 1543 2351 1623 praelium,
2374 1551 2755 1623 processerat,

865 1648 1098 1699 noctem
1139 1640 1587 1719 tempestatibus
1628 1637 1925 1698 horridam
1962 1640 2089 1697 sine
2128 1636 2513 1698 tabernaculo
2534 1638 2757 1716 exegit,

866 1745 1034 1797 scuto
1075 1744 1304 1795 tantum
1345 1733 1613 1805 Gallico,
1646 1734 2069 1795 sustinentibus
2100 1754 2207 1813 per
2247 1734 2409 1794 vices
2450 1733 2757 1803 militibus,

867 1840 1078 1892 tectus.
1161 1830 1518 1891 Emicabant
1561 1832 1711 1890 inter
1748 1831 2144 1911 praecipitatos
2186 1828 2401 1889 imbres
2448 1844 2525 1889 ex
2576 1828 2761 1891 AEtns

868 1936 1309 2008 prorumpentes
1347 1925 1622 1996 flammae,
1664 1946 1799 1985 cum
1840 1926 2087 1987 terribili
2126 1927 2349 2004 mugitu
2376 1946 2393 1985 :
2436 1924 2587 1986 adeo
2628 1925 2759 2004 qui-

867 2022 1026 2092 dem,
1071 2031 1138 2083 ut
1179 2022 1489 2094 Germani,
1523 2021 1785 2084 locorum
1812 2022 2086 2103 imperiti,
2126 2042 2251 2103 proe
2292 2022 2759 2083 consternatione

863 2118 1161 2178 cubilibus
1204 2117 1546 2186 exsilirent;
1612 2138 1723 2177 nec
1758 2118 2011 2197 amplius
2050 2117 2325 2178 fabulosa
2364 2116 2757 2188 crederentur,-

867 2232 1004 2293 quae
1027 2213 1102 2274 de
1129 2214 1346 2273 montis
1368 2214 1502 2291 ejus
1521 2210 1836 2282 incendiis,
1864 2213 2201 2291 igniumque
2228 2213 2583 2273 torrentibus
2604 2212 2759 2272 anti·

867 2310 1065 2388 quitus
1093 2308 1438 2369 tradiderat.
1523 2306 1679 2367 Inde
1706 2326 2035 2388 progressus
2070 2308 2148 2368 ad
2180 2307 2531 2369 vastandum
2556 2315 2759 2387 agrum

870 2404 1307 2477 Paloestsnum,
1339 2402 1569 2485 Lepido
1610 2402 1763 2464 forte
1806 2424 1911 2485 per
1950 2424 2025 2465 ea
2066 2404 2199 2465 loca
2238 2404 2620 2467 frumentanti
2658 2424 2757 2467 oo·

867 2504 1068 2561 currit.

945 2600 1048 2655 22.
1106 2594 1392 2675 Namque
1429 2596 1480 2654 is
1521 2597 1971 2677 tempestatibus
2008 2606 2071 2656 et
2110 2595 2327 2656 insultu
2368 2596 2754 2659 Democharis

865 2689 1076 2751 amissa
1121 2698 1288 2770 parte
1339 2690 1605 2761 navium,
1650 2711 1765 2752 non
1816 2690 1895 2750 ad
1946 2692 2243 2753 Ooesarem
2292 2694 2591 2763 continuo,
2652 2688 2761 2755 sed

866 2784 1198 2866 Lilybaeum
1251 2785 1574 2856 contendit,
1628 2788 1975 2847 necessitate
2028 2788 2313 2847 incertum
2364 2808 2440 2848 sn
2490 2786 2758 2860 oonsilio,

863 2902 1052 2961 eoque
1089 2883 1216 2961 ipso
1253 2881 1522 2961 ancipiti,
1561 2882 1687 2941 sive
1722 2890 1789 2942 ut
1814 2881 2111 2941 Gaesarem
2150 2883 2360 2942 luctari
2391 2882 2584 2943 solum
2622 2902 2761 2943 cum

866 2977 1163 3059 Pompeio
1187 2978 1422 3048 sineret,
1459 2978 1585 3035 sive
1630 2985 1699 3036 ut
1738 2979 1817 3039 ab
1842 2978 1951 3039 illo
1975 2978 2185 3038 virium
2210 2978 2505 3039 hostilium
2530 2988 2760 3059 partem

867 3073 1230 3133 abstraheret
1255 3074 1316 3133 in
1341 3091 1501 3133 sese:
1543 3072 1845 3133 Tisienum
1888 3081 2047 3134 certe
2090 3074 2373 3135 hactenus
2404 3073 2759 3137 detinuerat.-

868 3166 1063 3246 Igitur
1085 3169 1422 3248 conjunctis
1457 3168 1637 3229 ambo
1669 3168 1855 3248 copiis
1894 3168 2233 3229 Messanam
2268 3168 2573 3229 obsidione
2594 3170 2761 3232 clau·

783 3279 794 3292 ·
831 3314 846 3331 ,
865 3273 1081 3326 serunt.
1165 3264 1288 3325 Sed
1329 3266 1450 3325 cito
1487 3273 1713 3324 exortoe
1754 3271 1892 3323 sunt
1928 3264 2289 3344 suspiciones
2328 3273 2393 3326 et
2428 3265 2761 3337 discordia,

866 3378 1003 3417 enm
1029 3358 1288 3438 Lepidus
1313 3361 1441 3439 pari
1483 3378 1619 3419 eum
1659 3358 1897 3419 Caesare
1944 3368 2233 3438 potestate
2272 3369 2511 3439 ageret:
2556 3360 2763 3423 emt

867 3470 1001 3511 eum
1025 3452 1208 3531 legati
1245 3453 1440 3532 potius
1463 3452 1599 3512 loco
1622 3453 1841 3512 habere
1866 3451 2233 3515 destinasset.
2318 3455 2413 3514 Ea
2436 3476 2623 3516 cansa
2644 3456 2763 3517 fes-

867 3546 1187 3609 tinationis.
1289 3548 1514 3609 Caesari
1557 3548 1693 3619 fuit,
1730 3568 1803 3609 ne
1852 3550 2079 3631 Lepido
2118 3552 2373 3631 spatium
2410 3551 2586 3615 daret
2624 3572 2761 3613 cum

866 3642 1030 3703 hoste
1075 3641 1450 3721 transigendi.
1551 3645 1807 3725 Absque
1852 3646 1965 3707 boc
2006 3648 2165 3707 enim
2205 3647 2432 3718 fuisset,
2468 3665 2601 3729 spes
2634 3658 2764 3709 erat

866 3739 1018 3801 eitra
1041 3739 1382 3815 sanguinem
1409 3739 1700 3800 debellari
1727 3760 1934 3820 posse3
1980 3742 2143 3820 quod
2169 3752 2233 3802 et
2265 3742 2649 3805 ftumenteria
2672 3762 2765 3805 res

867 3836 1304 3917 et-pecuniaria
1327 3836 1653 3917 incipiebat
1692 3856 1817 3897 esse
1852 3836 2012 3917 apud
2040 3838 2401 3918 Pompeium
2438 3841 2759 3917 angustior.-

864 3931 1098 3993 Taurus
1119 3932 1275 3993 enim
1301 3935 1507 3993 missus
1525 3933 1604 3993 ad
1622 3934 1739 3995 hoc
1758 3951 1797 3992 a
1816 3932 2075 4003 Caesare,
2100 3942 2463 3995 commeatus
2481 3933 2759 4013 Pompeii

865 4027 1196 4109 frequenter
1260 4029 1690 4110 intercipiebat,
1756 4029 2140 4109 civitatesque
2188 4031 2550 4110 occupabat,
2598 4028 2761 4089 unde
2870 4060 2878 4067 ·

869 4124 1116 4185 alendus
1135 4124 1228 4185 illi
1251 4127 1546 4187 exercitus
1563 4133 1735 4185 esset.

941 4225 1054 4285 2³.
1097 4220 1256 4303 Ergo
1289 4240 1424 4283 cum
1461 4220 1633 4282 alteri
1672 4222 1878 4303 proelio
1910 4222 2227 4285 decernere
2264 4222 2541 4294 lubitum,
2586 4220 2766 4287 alteri
