3159 4959
568 982 683 1031 Dio.
731 979 834 1043 Ap·

570 1047 700 1159 ἒξῗῖ

571 1173 786 1237 Appian-

609 3366 750 3431 Pigh.
775 3366 870 3414 An-

577 3432 675 3479 nal.

605 3496 733 3544 Pliiu.
773 3508 869 3543 vn.

573 3564 654 3609 ⁴³.

574 3623 702 3673 vell.
717 3636 774 3671 u.
790 3626 871 3672 61.

1289 446 1303 458 ⁰
1399 494 1408 499 ,
1533 438 1601 486 Τ.
1652 436 1833 485 lell

975 588 1076 645 80.
1123 578 1223 639 Ita
1261 578 1434 659 plebe
1469 578 1896 659 propemodum
1928 578 2199 637 universa
2230 578 2551 649 concitata,
2588 578 2799 643 (ἕω

895 696 1030 735 cum
1057 676 1262 737 amicis
1287 678 1610 757 paucisque
1636 674 2012 754 stipatoribus
2050 676 2111 734 in
2146 673 2407 733 medium
2430 676 2671 754 prodiit,
2698 698 2795 738 ra-

895 774 1113 832 tionem
1161 771 1536 833 consiliorum
1586 790 1823 833 suorum
1874 770 2247 833 redditurus:
2310 790 2419 830 nec
2464 776 2799 835 reverentia

895 872 1026 949 ejus
1046 870 1319 940 cohibiti,
1346 870 1637 949 quosdam
1660 890 1739 931 ex
1778 871 1911 949 ejus
1938 869 2229 929 comitatu
2268 866 2689 937 vulneraruut3
2734 872 2795 929 in

897 968 1088 1045 ipsum
1113 986 1350 1046 quoque
1369 965 1653 1046 jaculati,
1680 966 2041 1046 praebentem
2059 984 2121 1023 se
2148 965 2391 1036 ictibus,
2418 964 2608 1025 donec
2632 976 2797 1027 veste

895 1061 1160 1123 lacerata
1183 1060 1534 1141 deprecatus
1555 1071 1649 1121 est
1670 1070 1793 1121 tam
1820 1061 2181 1141 praecipitem
2206 1060 2375 1119 iram.
2459 1059 2585 1119 His
2606 1062 2801 1121 turbis

895 1159 1194 1219 excitatus
1221 1158 1546 1228 Antonius,
1573 1176 1681 1237 per
1717 1154 1904 1215 Viam
1944 1154 2193 1215 Sacram
2220 1155 2279 1213 in
2304 1154 2492 1214 forum
2520 1176 2795 1238 propera-

896 1255 1022 1315 bat.
1107 1254 1192 1315 Et
1233 1254 1570 1315 abstinebat
1608 1252 1847 1331 quidem
1903 1252 1983 1311 ab
2022 1252 2137 1313 hoc
2173 1249 2519 1311 violentiam
2566 1252 2795 1333 plebes,

895 1350 1056 1432 quod
1093 1350 1174 1410 ad
1213 1368 1422 1430 pacem
1455 1368 1593 1410 curu
1632 1347 1823 1411 Sexto
1862 1347 2185 1427 proclivem
2226 1346 2483 1407 rebatur.
2570 1348 2663 1408 At
2690 1351 2795 1409 ubi

896 1446 1230 1507 admonitus
1269 1445 1609 1507 dissociare.
1630 1466 1695 1505 se
1742 1466 1781 1505 a
1826 1444 2085 1505 Caesaris
2126 1463 2307 1503 causa
2346 1443 2554 1515 noluit,
2596 1447 2797 1525 ipsum

893 1563 1130 1623 quoque
1175 1543 1494 1603 missilibus
1527 1544 1846 1623 petierunt.
1933 1540 2075 1612 Ille,
2118 1541 2324 1601 accitis
2356 1540 2663 1612 militibus,
2690 1542 2799 1620 qui

897 1648 1034 1701 ante
1059 1648 1290 1719 portam
1315 1639 1720 1710 excubabant,
1761 1638 1825 1699 vi
1856 1636 2142 1719 patefecit
2174 1636 2421 1709 adinum,
2464 1637 2793 1699 Gaas-em-

897 1756 1014 1815 que
1055 1735 1286 1816 eripuit.
1371 1734 1514 1796 Nec
1553 1736 1677 1795 sine
1722 1754 1941 1813 magna
1980 1732 2145 1795 cede
2180 1735 2399 1814 patrari
2443 1754 2537 1793 res
2566 1734 2797 1814 potuit:

897 1831 1214 1903 cadavera,
1261 1852 1338 1893 ue
1379 1833 1548 1892 triste
1590 1831 1995 1913 spectaculum
2036 1832 2097 1889 in
2141 1829 2309 1890 Urbe
2345 1830 2791 1911 relinqueretur,

898 1929 1162 2007 projecta
1189 1930 1248 1988 iu
1275 1926 1686 2008 profluentem,
1726 1928 2068 2007 neutiquam
2108 1926 2329 1987 minore
2362 1926 2565 1988 dolore
2604 1929 2801 1989 bomi-

899 2044 1062 2095 num,
1087 2042 1224 2083 cum
1253 2033 1360 2085 aut
1385 2044 1422 2083 a
1455 2023 1766 2094 militibus,
1805 2032 1913 2083 aut
1938 2043 1975 2084 a
2000 2022 2277 2083 malefica
2314 2022 2436 2083 alia
2474 2025 2651 2084 turba
2686 2046 2798 2105 pro

897 2140 1004 2181 suo
1048 2119 1472 2181 vindicantium
1525 2118 1689 2200 quod
1732 2119 1917 2199 paulo
1969 2119 2243 2178 vestitum
2292 2118 2570 2179 mundius
2618 2130 2797 2191 esset,

897 2214 1302 2295 spoliarentur.
1387 2214 1494 2275 Ad
1531 2224 1884 2287 extremum,
1910 2214 2015 2274 ubi
2050 2212 2314 2293 quotidie
2354 2214 2609 2292 graviori
2633 2215 2795 2275 fame

821 2356 840 2367 .
899 2310 1095 2371 nullus
1117 2312 1340 2392 sperari
1367 2311 1725 2371 tumultuum
1752 2308 1885 2371 finis
1910 2318 2164 2390 poterat,
2188 2311 2641 2390 imperatoribus
2666 2314 2792 2371 ani·-

899 2426 1058 2466 mum
1082 2408 1160 2467 ad
1209 2426 1418 2487 pacem
1463 2406 1901 2486 adjicientibus,
1946 2426 2079 2466 cum
2129 2404 2371 2465 Libonis
2409 2404 2797 2467 familiaribus

901 2502 1202 2562 Antonius
1225 2502 1368 2578 egit,
1395 2522 1430 2561 e
1457 2502 1669 2562 Sicilia
1706 2511 2023 2562 evocarent
2060 2502 2375 2573 hominem,
2404 2511 2472 2562 ut
2508 2502 2795 2564 affinitate

895 2618 1052 2657 nova.
1094 2598 1402 2667 frueretur,
1433 2596 1611 2657 simul
1652 2596 1731 2657 ad
1776 2616 1941 2677 spem
1982 2598 2224 2675 majoris
2260 2596 2643 2659 conficiendae
2682 2601 2791 2659 rei.

897 2692 1038 2754 Nec
1080 2692 1170 2752 illi
1209 2692 1568 2753 distulerunt
1608 2694 1863 2753 scribere
1915 2691 2149 2763 Liboni,
2196 2710 2389 2773 neque
2441 2694 2791 2775 Pompeius,

896 2790 1206 2867 quominus
1231 2785 1723 2867 proficisceretur,
1750 2786 2095 2848 intercessit.

977 2892 1090 2944 31..
1123 2884 1360 2944 Interea
1385 2885 1671 2965 temporis
1696 2884 2003 2944 Antonius
2024 2894 2087 2943 et
2112 2883 2339 2953 cam,
2366 2903 2705 2962 quanquam
2732 2884 2787 2943 in

896 2980 1062 3039 exitu
1099 2998 1284 3040 annus
1306 2988 1456 3049 erat,
1485 2980 1763 3039 abdicare
1798 2979 2071 3040 consules
2096 2987 2273 3058 atque
2300 2987 2577 3058 praetores
2596 2982 2790 3058 jusse-

898 3084 1054 3145 runt,
1105 3086 1170 3134 ut
1203 3076 1262 3135 in
1307 3076 1515 3135 eadem
1553 3076 1795 3137 nomina
1834 3076 2031 3136 verius
2068 3094 2249 3155 quam
2291 3083 2641 3154 potestatem
2686 3075 2793 3135 alii

897 3168 1318 3243 sufficerentur,
1343 3192 1699 3252 magnopere
1726 3169 2077 3231 beneficium
2117 3171 2229 3229 boc
2256 3170 2625 3241 affectantes,
2650 3171 2799 3231 lieet

898 3268 1182 3345 pauculos
1207 3268 1287 3328 sd
1325 3267 1456 3329 dies
1487 3288 1764 3329 mansura
1805 3267 2065 3346 dignitas
2104 3265 2544 3327 concederetur.
2628 3266 2789 3327 Oen·-

895 3362 1054 3423 sules
1095 3365 1331 3424 suffecti
1371 3375 1508 3424 sunt
1549 3364 1627 3424 (3.
1656 3364 1871 3425 Asinio
1912 3363 1997 3423 P.
2029 3362 2319 3423 Canidius
2358 3362 2625 3432 Crassus,
2672 3362 2787 3422 Cn.

899 3454 1166 3515 Domitio
1193 3456 1261 3515 L.
1293 3458 1603 3517 Cornelius
1631 3457 1861 3517 Balbus
1900 3456 2194 3537 Hispanae
2220 3457 2483 3535 originis,
2508 3466 2571 3517 et
2594 3456 2791 3517 Gadi-

894 3550 1006 3611 bus
1031 3561 1221 3623 natus,
1247 3553 1350 3613 sed
1381 3554 1643 3613 amicitia
1669 3552 1999 3623 Cri-sarum,
2026 3562 2088 3611 et
2128 3552 2435 3613 laboriosis
2458 3552 2795 3614 urinisteriis

893 3664 966 3705 eo
993 3647 1328 3726 perductus,
1356 3660 1422 3708 ut
1447 3648 1860 3729 pontificatum
1884 3650 2065 3709 etiam
2090 3657 2155 3708 et
2178 3649 2541 3729 triumphum
2566 3648 2791 3730 adipis—

763 3780 818 3827 pr
893 3752 1146 3803 ceretur:
1189 3746 1302 3814 vir,
1329 3746 1434 3823 qui
1459 3764 1572 3805 nou
1600 3746 1725 3805 sine
1754 3764 1969 3824 magna
1992 3744 2389 3805 controversia
2404 3744 2671 3805 civitatis
2686 3747 2791 3824 jus

893 3838 1244 3901 obtinuerat.
1331 3839 1504 3901 Idem
1549 3842 1624 3901 ad
1667 3849 1864 3902 tantas
1896 3860 2040 3921 opes
2074 3849 2387 3920 provectus
2422 3838 2700 3910 traditur,
2724 3848 2793 3898 ut

895 3936 1148 3995 moriens
1186 3936 1406 4017 populo
1444 3936 1725 3997 Romarm
1766 3936 1977 4016 quinos
2006 3936 2245 3997 vicenos
2268 3936 2545 3997 denarios
2566 3934 2793 4013 legaret

895 4030 1131 4091 viritim.
1217 4032 1304 4091 Et
1327 4033 1386 4091 hi
1415 4042 1613 4093 tamen
1640 4034 1699 4092 in
1724 4032 1955 4113 aliquot
1994 4030 2119 4092 dies
2143 4040 2447 4110 gesserunt
2470 4030 2747 4091 honorem
2772 4048 2787 4089 ε

895 4135 1177 4197 ceterum,
1203 4136 1470 4188 extrema
1495 4129 1633 4189 anni
1659 4127 1755 4187 die
1780 4136 2008 4187 mortuo
2030 4125 2215 4196 aedili,
2236 4125 2518 4186 suffectus
2544 4134 2635 4185 est
2657 4125 2789 4205 qui-

893 4220 1031 4280 dam
1057 4240 1278 4299 paucas
1301 4225 1360 4282 in
1387 4226 1579 4287 horas.
1644 4222 1871 4285 Eodem
1893 4244 2049 4283 anuo
2062 4222 2541 4302 septemvirorum
2566 4224 2791 4294 munia,
