3159 4959
529 402 712 469 ⁵634
1037 424 1046 433 ·
1499 424 1572 475 ι’.
1618 421 1809 471 mvn

857 574 950 627 ter
977 584 1038 627 se
1071 574 1402 637 moverunt,
1433 567 1513 627 ob
1539 564 1864 641 Phrahatis
1897 562 2035 625 novi
2060 562 2212 641 regis
2246 562 2657 625 crudelitatem
2684 575 2745 625 et

855 660 1212 733 vecordiam,
1239 664 1340 741 qui
1363 672 1500 741 post
1525 661 1719 721 multa
1752 659 2067 740 parricidia
2090 659 2308 719 nemini
2334 661 2467 737 jam
2502 680 2745 740 parcere

854 756 1109 837 poterat,
1127 758 1496 832 nobilissimo
1503 758 1718 836 cuique
1738 754 2024 825 infestior,
2045 774 2165 833 quo
2182 756 2370 832 magis
2384 756 2501 815 sibi
2526 756 2605 815 ab
2629 757 2745 817 boc

852 872 1060 931 genere
1087 854 1406 914 metuebat.

566 960 700 1011 Plut.
747 969 797 1009 et
931 956 1030 1009 36.
1076 950 1270 1027 Igitur
1295 949 1493 1009 multis
1515 966 1988 1027 quaquaversum
2010 947 2476 1025 diffugientibus,
2502 946 2755 1009 adAn-·

530 1024 742 1139 ssffiff'·
817 1123 822 1132 ι
821 1045 1076 1105 to'nium
1103 1046 1398 1107 Monaeses
1437 1048 1619 1107 venit.
1704 1045 1855 1105 Erat
1894 1045 1983 1105 vir
2019 1044 2264 1103 illustris
2299 1064 2371 1103 ac
2408 1052 2635 1123 potens,
2674 1054 2739 1105 et

851 1143 1142 1221 prioribus
1177 1142 1454 1203 adversus
1479 1142 1789 1201 Romanos
1822 1140 2037 1203 bellis
2042 1160 2259 1217 magna
2290 1139 2521 1200 virtutis
2556 1138 2737 1201 fama.

527 1252 644 1303 Dio.
667 1251 803 1302 Plut.
851 1236 1232 1317 Quapropter
1275 1236 1578 1297 A‘nto'nius
1620 1256 1755 1295 eum
1796 1234 2201 1305 Themistocli,
2248 1254 2311 1295 se
2362 1254 2577 1311 magno
2616 1237 2741 1313 reg-i

847 1352 1216 1412 comparans,
1251 1342 1368 1393 tres
1390 1334 1446 1391 ei
1469 1333 1717 1393 donavit
1754 1332 1951 1401 nrbes,
1996 1331 2309 1400 Larissam,
2350 1329 2741 1401 Arethusam,

557 1430 622 1477 Su
595 1444 726 1493 u‚pn
853 1424 1313 1508 Hierampolim,
1361 1448 1556 1508 quam
1586 1436 1649 1487 et
1692 1423 2003 1497 Edessam,
2058 1435 2122 1487 et
2164 1425 2327 1505 prius
2369 1425 2737 1507 Bambycem
2787 1454 2793 1459 ·

523 1508 629 1543 ‘m'
651 1498 770 1549 ²¹·
849 1522 1214 1603 appellatam
1245 1544 1426 1605 supra
1455 1525 1811 1603 scripsimus.
2006 1524 2013 1535 '

521 1617 621 1669 Dio
633 1636 822 1674 xzvm
927 1624 1027 1681 37.
1059 1618 1306 1679 Interim
1329 1619 1532 1679 Roma
1549 1617 1863 1697 multiplici
1884 1618 2279 1699 prodigiorum
2292 1618 2737 1679 denuntiatione

843 1720 936 1772 est
953 1714 1250 1775 exterrita.
1334 1715 1576 1795 Quippe
1602 1714 1911 1793 delphines
1934 1716 2293 1775 concurrisse
2322 1716 2577 1775 invicem
2604 1722 2735 1776 'cru-

843 1817 983 1870 enta
1009 1828 1206 1889 pugna
1229 1810 1386 1871 circa
1413 1810 1710 1890 Clypeam
1738 1810 2103 1871 ferebantur:
2148 1810 2365 1871 Romoe
2392 1811 2735 1889 sanguinem

843 1904 900 1963 in
908 1911 998 1963 ter
1042 1904 1308 1984 pluviam
1353 1906 1582 1985 lapsum
1624 1905 1799 1976 coelo,
1838 1906 1999 1966 varie
2036 1904 2391 1969 distulerunt
2424 1904 2729 1966 volucres.
2714 1925 2729 1938 ·

841 1998 999 2058 ludis
1038 2000 1352 2073 Romanis,
1393 2010 1727 2062 senatorum
1752 2002 1813 2060 in
1849 2001 2177 2082 Capitolio,
2218 2003 2391 2061 sicuti
2418 2022 2543 2061 mos
2581 2011 2731 2071 erat,

839 2096 1116 2177 epulatus
1153 2100 1244 2158 es't
1283 2118 1472 2159 nemo.
1533 2098 1748 2158 Liviae
1784 2102 2019 2179 quoque
2054 2097 2355 2158 oblatum
2346 2118 2539 2167 omen,
2580 2096 2735 2159 sicut

837 2193 950 2271 ipsi
989 2192 1214 2267 laetum,
1253 2196 1339 2255 ita
1376 2196 1611 2255 civibus
1646 2194 2020 2255 formidabile
2058 2176 2407 2255 habebatur.
2490 2194 2731 2273 Quippe

515 2282 674 2395 ”5¹³3-
679 2346 744 2394 Su
722 2298 812 2405 Ut:
836 2291 996 2351 cir‘ca
1039 2300 1268 2372 tempus
1315 2294 1653 2373 nuptiarum
1703 2294 1842 2353 cum
1884 2290 2184 2369 Augusto,
2226 2291 2287 2350 ιιι
2329 2290 2741 2352 Veientanum.

513 2408 590 2457 G,
593 2410 660 2459 lb
691 2414 737 2461 1
761 2424 812 2460 Θ,
834 2404 1002 2446 suum
1007 2388 1207 2460 eunti,
1230 2388 1645 2499 praetervolans
1662 2386 1864 2467 aquila
1880 2386 2163 2497 gallinam
2187 2386 2413 2456 albam,
2440 2385 2727 2447 ramulum

514 2471 630 2523 Dm.
833 2483 985 2543 lauri
1017 2504 1154 2543 cum
1194 2486 1396 2545 baccis
1429 2485 1550 2544 suis
1581 2492 1779 2544 rostro.
1790 2492 2105 2554 tenentem,
2144 2484 2205 2543 in
2242 2483 2523 2567 gremium
2562 2485 2735 2561 abje-

831 2586 1013 2639 cerat.
1100 2576 1255 2639 Eam
1289 2597 1426 2639 cum
1457 2578 1544 2639 ali
1586 2578 1782 2649 hvis,
1816 2580 2047 2659 serique
2082 2598 2309 2639 ramum
2352 2580 2725 2659 haruspicum

831 2676 1056 2735 monitu
1075 2676 1378 2754 jussisset·
1363 2721 1379 2745 ,
1425 2684 1595 2735 tanta
1630 2676 1922 2756 pullorum
1956 2675 2191 2737 soboles
2228 2676 2516 2756 provenit,
2552 2684 2619 2735 nt
2650 2694 2729 2735 ea

829 2768 978 2829 villa
1011 2770 1112 2831 diu
1151 2769 1357 2851 postea
1398 2781 1416 2807 ‘
1446 2771 1525 2833 ad
1561 2772 1869 2833 Gallinas’
1906 2781 2239 2849 vocaretur,
2272 2792 2419 2852 quae.
2430 2771 2555 2832 Via
2581 2768 2737 2837 Fla-z

828 2864 1032 2939 minia,
1051 2870 1236 2947 juxta
1255 2888 1469 2929 nonum
1492 2871 1572 2929 ab
1594 2869 1763 2929 Urbe
1786 2868 2067 2949 lapidem,
2091 2867 2273 2929 fluvio
2292 2868 2493 2929 Tiberi
2520 2866 2723 2929 iamdi-

536 2966 754 3041 Τ130οΡ13·
827 2962 1008 3025 ficata
1023 2962 1232 3026 fuerat.
1287 2964 1525 3025 Ra'mus
1543 2966 1745 3037 etiam,
1762 2985 2103 3045 quanquam
2120 2966 2207 3024 ita
2218 2984 2476 3025 crescere
2492 2963 2723 3027 laurum

506 3028 728 3142 213⁸,ss
715 3045 755 3078 ¹
767 3092 803 3143 1
831 3058 1207 3120 Democritus
1231 3069 1294 3120 et
1309 3059 1747 3141 Theophrastus
1772 3061 2095 3139 ambigant,
2124 3061 2247 3121 tale
2267 3061 2559 3147 lauretum
2586 3080 2728 3140 pro·

505 3172 591 3204 ¹1¹·
643 3156 774 3208 Plin-
825 3156 1018 3227 duxit,
1049 3166 1116 3218 ut
1140 3166 1344 3238 postea
1365 3158 1693 3221 diutissime
1714 3158 2025 3237 triumphis
2044 3156 2347 3217 enarum
2368 3156 2447 3217 ad
2472 3176 2719 3217 coronas

504 3218 602 3269 ⁸¹²⁶
605 3228 642 3271 ‘⁶
661 3221 777 3277 ¹³⁵⁰·
823 3250 1132 3314 sufficeret.
1219 3254 1318 3313 Ea
1353 3274 1446 3313 res
1479 3254 1802 3334 potentiam
1842 3252 2199 3313 Cuuianae
2224 3251 2425 3313 domui
2444 3236 2718 3315 stabilem

769 3346 776 3354 '
820 3347 1131 3410 videbatur
1153 3351 1512 3427 promittere.

901 3450 1002 3505 88.
1057 3444 1548 3505 Percellebanmr
1600 3447 1781 3507 etiam
1826 3446 2091 3507 homines
2136 3448 2344 3507 crebra
2395 3448 2713 3531 mutatione

821 3540 1286 3618 magistratuum,
1343 3560 1478 3600 cum
1529 3543 1796 3601 nonnulli
1828 3540 2063 3623 'eodem-
2102 3540 2201 3601 die
2254 3543 2467 3601 inirent
2518 3545 2725 3620 ejura-·

821 3645 1102 3715 remque:
1139 3634 1289 3697 'nihil
1337 3637 1470 3697 inde
1513 3640 1839 3717 quaerentes'
1884 3639 2155 3719 amplius,
2210 3646 2393 3722 qnam
2428 3635 2711 3697 honorem

819 3733 1088 3802 nominis,
1130 3742 1191 3792 et
1225 3754 1390 3813 spem
1425 3734 1785 3813 adipiscendi
1822 3736 2206 3815 provinciam,
2246 3754 2317 3795 ac
2356 3743 2555 3795 cetera
2592 3752 2709 3794 non

817 3827 926 3886 nisi
973 3829 1314 3906 magistratu
1358 3828 1576 3889 functis
1620 3831 1795 3890 tribui
1838 3829 2031 3890 solita.
2116 3829 2345 3890 Contra
2388 3839 2559 3889 erant
2602 3831 2709 3908 qui

817 3924 1189 4025 magistratus
1223 3944 1526 4005 capessere
1561 3926 1932 4006 paupertate,
1966 3933 2071 3986 aut
2106 3924 2229 3985 alia
2252 3946 2373 4004 qua
2395 3945 2579 3987 causa
2604 3944 2705 3983 ve-

814 4018 1152 4079 tabantur.
1191 4020 1358 4081 Nam
1383 4032 1447 4081 et
1473 4023 1576 4101 qui
1602 4021 1761 4101 apud
1788 4020 2145 4101 Pompeium
2164 4030 2355 4091 erant,
2384 4022 2553 4101 quasi
2578 4038 2715 4083 ιιιεη

813 4114 928 4173 rito
974 4117 1322 4177 arcebantur
1360 4118 1661 4198 desponsis
1702 4118 2059 4188 honoribus,
2118 4126 2185 4179 et
2224 4117 2488 4201 quidam,
2532 4076 2715 4179 bonis.

811 4209 1056 4282 amissis,
1079 4223 1302 4280 sumtus
1327 4213 1574 4311 tolerare
1600 4233 1713 4281 non
1740 4220 2028 4303 poterant,
