3159 4959
572 418 753 485 zm

1548 436 1619 482 T„
1662 434 1856 483 lell

904 571 1279 635 deliberavit.
1364 573 1505 635 Duo
1548 576 1663 656 ipsi
1707 586 1877 637 erunt
1925 596 2268 637 arcanorum
2301 578 2569 639 'omnium
2611 581 2797 661 parti-

576 672 708 722 Vell·
727 676 882 723 1¹³⁰·
902 670 1107 750 cipes:
1156 671 1246 731 M.
1277 671 1573 753 Agrippa,
1599 692 1777 751 quem
1821 673 2200 753 amplissimis
2223 674 2540 734 honoribus
2563 675 2800 736 extule-

582 768 714 821 vell.
726 773 879 820 11088·
902 776 1035 836 rat:
1078 776 1143 827 et
1167 768 1243 828 Ο.
1273 768 1597 839 Maecenas,
1639 790 1756 829 non
1797 770 1989 829 minus
2021 790 2194 830 carus
2221 770 2519 853 Agrippa,
2543 770 2652 831 sed
2685 773 2797 831 mi-

580 962 699 1018 Dio.

904 882 1015 925 nus
1036 864 1375 935 honoratus,
1402 866 1543 945 quia
1566 886 1804 927 manere
1829 886 1938 927 suo
1963 868 2024 927 in
2057 866 2258 927 ordine
2281 866 2598 927 Romanus
2619 878 2803 947 eques

902 958 1216 1021 maluerat.
1300 960 1423 1021 His
1450 960 1507 1019 in
1524 970 1811 1022 secretum
1835 962 2162 1033 advocatis,
2181 963 2284 1022 ubi
2297 962 2610 1023 consilium
2629 982 2798 1023 mum

900 1057 1181 1137 exposuit
1229 1055 1457 1127 Caesar,
1500 1054 1798 1139 fidemque
1837 1068 2086 1118 testatus
2119 1058 2418 1128 amicitie,
2461 1067 2530 1117 ut
2571 1066 2798 1117 rectum

902 1171 1221 1233 rerumque
1245 1153 1551 1215 consilium
1576 1164 1934 1235 promerent,
1959 1154 2190 1223 oravitz
2217 1155 2276 1213 in
2299 1163 2422 1213 tam
2445 1155 2664 1233 exiguo
2686 1174 2798 1213 nu-

903 1268 1065 1311 mero
1112 1256 1311 1311 tamen
1362 1250 1654 1311 variatum
1693 1250 2000 1311 sententiis
2037 1248 2171 1312 fuit.
2252 1250 2436 1309 Prior
2479 1248 2754 1331 Agrippa
2772 1257 2800 1299 Δ

902 1343 995 1405 bis
1028 1344 1151 1405 fere
1177 1346 1532 1425 argumentis
1568 1345 1870 1405 Cesarem
1893 1346 1972 1407 ab
1997 1346 2242 1427 imperio
2263 1342 2664 1407 continuando
2689 1344 2798 1405 de·-

902 1438 1169 1501 borinum
1186 1461 1311 1501 esse
1336 1440 1588 1501 traditur
1617 1462 1632 1497 τ

980 1541 1045 1597 8.
1086 1544 1105 1573 ⁴
1134 1535 1205 1595 Si
1233 1538 1413 1597 tantis
1438 1556 1477 1595 a
1494 1546 1553 1597 te
1575 1536 1788 1617 opibus
1810 1537 2241 1617 honoribusque
2267 1536 2604 1597 cumulatus
2625 1534 2796 1594 insis-

900 1637 1025 1690 tere
1056 1632 1571 1711 coeptisJuberem,
1599 1630 1844 1701 Casan
1885 1633 2122 1693 tametsi
2161 1652 2324 1693 mens
2355 1632 2598 1693 forsitan
2643 1630 2798 1689 inte-

900 1744 1007 1803 gra
1049 1726 1227 1797 foret,
1252 1730 1441 1789 oratio
1480 1737 1678 1809 posset
1705 1748 1832 1789 esse
1863 1729 2206 1809 aspectior,
2245 1738 2531 1808 tanquam
2559 1747 2636 1787 ea
2659 1745 2794 1807 quae

900 1823 1045 1881 mihi
1070 1824 1345 1903 privatim
1370 1824 1670 1885 crederem
1699 1826 2004 1907 profutura
2039 1825 2357 1886 madentis.
2441 1822 2629 1884 Nunc
2654 1823 2796 1905 quia

899 1918 1137 1979 diversa
1162 1920 1305 1981 mihi
1332 1922 1545 1983 rectior
1562 1922 1796 1983 videtur
1820 1923 1924 1982 via
1948 1940 2022 1982 ao
2043 1922 2354 1991 salubrior,
2381 1920 2650 1980 laborare
2678 1940 2796 1993 non

898 2015 1113 2087 debeo,
1154 2037 1229 2077 ne
1264 2038 1471 2097 parum
1506 2018 1748 2100 explere
1779 2028 1975 2099 partes
1997 2018 2189 2077 amici
2225 2017 2616 2095 benevolique
2649 2036 2796 2076 con·-

898 2110 1133 2173 sultoris
1156 2112 1377 2174 videar.
1466 2114 1601 2192 Ego
1625 2134 1766 2175 sane
1783 2134 2012 2195 semper
2035 2112 2186 2173 hanc
2201 2112 2392 2173 indixi
2411 2111 2554 2171 mihi
2579 2110 2794 2192 legem,

896 2228 977 2267 ex
1020 2228 1140 2288 quo
1182 2228 1277 2269 me
1311 2209 1659 2291 penitiorem
1697 2212 1758 2271 in
1785 2212 2106 2271 amicitiam
2137 2208 2478 2281 assumsisti,
2507 2218 2576 2268 ut
2611 2218 2794 2269 tantm

900 2305 1273 2383 benignitati,
1312 2307 1551 2387 qnando
1585 2308 1812 2369 meritis
1849 2327 1966 2367 non
2001 2316 2289 2387 poteram,
2333 2302 2454 2365 fide
2481 2304 2794 2387 respoude-

900 2420 1023 2459 rem
1044 2420 1063 2459 ε
1104 2420 1297 2480 neque
1322 2403 1464 2463 mihi
1486 2402 1854 2463 retinendum
1877 2403 2196 2483 quicquam
2219 2422 2345 2463 esse
2363 2400 2688 2473 crederem,
2713 2419 2793 2465 ex

896 2516 1017 2575 quo
1041 2498 1152 2557 tibi
1186 2500 1510 2577 perieulum
1538 2508 1644 2559 aut
1669 2500 1897 2561 invidia
1928 2508 2282 2560 nasceretur.
2367 2498 2559 2577 Igitur
2595 2498 2654 2557 in
2679 2497 2794 2559 hae

894 2594 1077 2651 etiam
1112 2612 1341 2653 summa
1362 2594 1810 2665 deliberatione,
1833 2596 2196 2676 propriorum
2219 2592 2657 2653 commodorum
2683 2592 2794 2651 im-

897 2708 1140 2759 memor,
1180 2708 1255 2749 ea
1292 2699 1518 2754 tantum
1562 2692 1620 2751 in
1657 2691 1904 2751 consilio
1943 2692 2247 2751 habiturus
2277 2709 2431 2761 sum,
2465 2708 2602 2771 quae
2627 2698 2792 2749 tuam

898 2794 1077 2863 atque
1100 2785 1401 2865 publicam
1428 2786 1506 2847 ad
1532 2787 1782 2847 salutem
1809 2788 2098 2868 pertinere
2109 2786 2481 2866 judicavero.

974 2886 1037 2941 9.
1085 2890 1103 2917 ‘
1126 2880 1265 2960 Age
1288 2882 1465 2959 igitur
1488 2884 1708 2953 omnia,
1735 2902 1872 2963 quoe
1895 2902 2120 2943 summo
2145 2882 2387 2963 imperio
2418 2882 2638 2952 inmnt,
2673 2900 2790 2941 non

894 2978 1185 3057 praeoipiti
1216 2979 1575 3057 cogitatione
1618 2978 2044 3059 expendamus,
2083 2986 2151 3036 ut
2185 2996 2318 3037 eam
2357 2977 2524 3057 sequi
2563 2984 2791 3057 partem

890 3068 1095 3143 liceat,
1136 3094 1314 3153 quem
1351 3075 1504 3135 ratio
1544 3076 1712 3135 uobis
1752 3074 2052 3134 meliorem
2086 3081 2264 3153 atque
2300 3070 2626 3132 feliciorem
2665 3072 2790 3133 fore

837 3233 845 3240 ,
890 3170 1233 3233 ostenderit.
1315 3169 1457 3233 Nee
1480 3173 1638 3231 euim
1663 3172 1750 3231 ita
1775 3190 1884 3229 nos
1899 3170 2182 3251 potentie
2203 3168 2428 3248 cupido
2453 3188 2790 3229 occoecave·

890 3265 990 3335 rit,
1019 3275 1085 3325 ut
1110 3266 1508 3327 incubandum
1532 3286 1660 3329 esse
1687 3266 1954 3347 imperio,
1985 3266 2221 3327 tametsi
2245 3264 2417 3323 nobis
2443 3264 2602 3324 malo
2627 3264 2788 3325 futu-

889 3380 1021 3419 rum
1046 3372 1353 3441 appareat,
1380 3364 1798 3423 existimemus.
1868 3362 2040 3421 Esset
2063 3362 2175 3421 hoc
2201 3360 2356 3421 male
2379 3356 2788 3420 sustinentium

891 3455 1183 3515 fortunam
1210 3476 1399 3526 suum,
1439 3458 1684 3536 ejusque
1723 3456 2134 3517 convulsorum
2159 3456 2480 3535 obsequi03
2524 3456 2634 3514 nisi
2662 3476 2789 3515 ma-

890 3550 1064 3611 limus
1086 3552 1368 3631 pietutem
1394 3554 1451 3611 iu
1489 3563 1714 3633 patrem
1749 3563 1812 3613 et
1835 3554 2064 3634 reliqua
2087 3550 2357 3613 obtentui
2382 3560 2596 3618 sumta,
2624 3561 2786 3611 cete-

888 3667 1017 3707 rum
1054 3648 1380 3727 imperandi
1422 3647 1686 3708 lubidine
1719 3649 1904 3727 egisse
1949 3649 2145 3708 omnia
2186 3646 2391 3708 videri.
2478 3646 2790 3707 Utrumvis

888 3744 1117 3814 borum,
1142 3744 1359 3805 crimen
1386 3762 1459 3803 ac
1484 3743 1810 3825 periculum
1836 3744 2054 3804 habet.
2097 3764 2204 3803 nec
2239 3755 2347 3804 eut
2369 3742 2614 3804 laudare
2637 3744 2788 3805 talia

888 3842 1201 3923 quisquam
1224 3842 1433 3910 bonus,
1474 3850 1577 3901 aut
1605 3840 1860 3921 perferre
1891 3840 2037 3901 liber
2065 3848 2275 3921 potest.
2359 3840 2488 3910 Qui
2513 3860 2653 3901 vero
2679 3862 2785 3921 pu·

887 3938 1059 3997 triam
1082 3956 1249 3997 suam
1278 3956 1385 3997 nec
1420 3936 1551 3995 aliis
1572 3937 1812 4007 servire,
1843 3956 1951 3995 nec
1974 3936 2114 4006 sibi,
2139 3936 2416 4015 patietur,
2445 3936 2526 3997 ad
2553 3937 2782 4015 justam

950 4150 975 4187 ⁸
1009 4150 1129 4199 Ρη“ο
1130 4166 1159 4199 ι·
1184 4148 1427 4215 Agrippa]
1468 4150 1568 4201 11oe
1607 4151 1738 4201 orati
1726 4164 1799 4201 ι-ο
1869 4163 1988 4211 oue,
2010 4150 2194 4201 saltem
2227 4148 2400 4213 quoad
2431 4151 2584 4215 longe
2618 4151 2781 4202 maxi·

884 4226 981 4267 nes
1006 4212 1337 4277 Agrippinen
1364 4217 1525 4264 Maece
1528 4216 1681 4270 natis.
1697 4230 1798 4265 non
1867 4226 2000 4263 mam
2051 4222 2273 4279 partem,
2314 4216 2593 4278 exscripta
2637 4223 2781 4265 sunt.

889 4292 920 4327 a
944 4278 1292 4329 Freinshemio
1312 4278 1467 4336 ficte,
1498 4278 1592 4329 sed
1623 4294 1690 4329 ex
1709 4280 1798 4330 Di·
1865 4281 2011 4329 em·
2765 4288 2780 4319 ‘-
