3159 4959
532 476 709 543 569⁴

538 645 652 696 Dio.

1446 493 1519 545 T.
1566 491 1768 542 mvn

938 641 1037 694 43.
1106 633 1437 715 Triumpho
1488 645 1752 716 peracto,
1805 653 1940 694 cum
2005 633 2200 694 etiam'
2245 633 2482 714 epulum
2535 635 2762 716 populo

860 729 1281 792 Alexandrino
1306 731 1588 802 dedisset,
1616 733 1676 791 in
1703 731 1987 792 concione
2015 730 2386 802 Graecorum,
2416 741 2674 791 assumta
2701 733 2764 792 iu

860 836 1201 905 argenta-m
1230 827 1486 887 tribunal
1530 825 1859 908 Cleopatra
1897 826 2214 906 liberisque
2249 827 2400 904 ejus,
2425 826 2764 905 hujusmodi

859 924 1184 984 orationem
1209 922 1453 983 habuit:
1498 932 1516 960 ‘
1539 923 1608 982 Si
1629 923 1854 982 nullum
1883 923 2076 983 adhuc
2097 923 2276 983 animi
2297 925 2412 981 mei
2426 921 2763 1002 judiciique

858 1017 1276 1080 documentum
1322 1019 1692 1090 habuissetis,
1749 1019 2174 1091 Alexandrini,
2223 1020 2554 1099 proximum
2603 1028 2762 1078 certe

857 1116 1263 1196 spectaculum
1288 1116 1451 1176 ducti
1480 1117 1539 1174 in
1580 1117 1735 1176 hanc
1761 1117 1964 1175 urbem
1995 1117 2274 1196 triumphi
2309 1113 2572 1174 sufficere
2597 1115 2766 1174 vobis

862 1215 1165 1293 potuisset.
1250 1212 1455 1272 Decus
1482 1214 1637 1272 enim
1663 1221 1844 1292 atque
1887 1212 2152 1272 laetitiam
2195 1213 2298 1270 uni
2341 1211 2622 1270 hactenus
2657 1231 2766 1291 po·

864 1309 1004 1389 pulo
1030 1309 1311 1369 Romano
1336 1309 1606 1369 exhiberi
1627 1309 1887 1380 solitam,
1917 1309 1994 1368 ad
2020 1329 2125 1368 vos
2147 1308 2446 1368 transferri
2471 1307 2762 1368 beneficio

863 1425 993 1465 meo
1034 1405 1280 1465 vidistis.
1367 1405 1670 1486 Deinceps
1711 1406 1888 1484 igitur
1926 1403 2305 1464 Alexandria
2343 1421 2604 1483 quoque,
2633 1413 2765 1462 tan·

864 1521 1043 1582 quam
1090 1501 1281 1562 altera
1324 1501 1550 1572 Roma,
1595 1503 2024 1581 triumphantes
2069 1502 2450 1581 imperatores
2490 1499 2766 1578 accipiet,

864 1599 1136 1678 captivos
1172 1598 1401 1658 videbit
1440 1619 1631 1676 reges,
1675 1607 1973 1658 tantarum
2009 1616 2198 1656 rerum
2238 1596 2569 1677 voluptate,
2605 1613 2766 1654 com-

867 1695 1078 1764 modiS,
1107 1695 1297 1772 gloria
1320 1695 1718 1756 decorabitur.
1805 1693 2028 1773 Neque
2054 1714 2196 1754 vero
2231 1713 2326 1752 me
2351 1693 2560 1752 fecisse
2585 1693 2768 1773 poeni·

868 1799 975 1860 tet,
1014 1800 1117 1850 aut
1156 1789 1386 1870 aliquid
1414 1811 1449 1849 a
1476 1811 1570 1849 me
1603 1791 1974 1850 commissum
2012 1790 2280 1860 arbitror,
2309 1787 2466 1869 quod
2504 1793 2642 1868 jure
2677 1811 2769 1849 re-

867 1885 1149 1966 prehendi
1191 1884 1428 1948 debeat.
1512 1885 1654 1947 Nec
1695 1888 1853 1945 enim
1892 1886 1985 1947 vel
2027 1886 2352 1947 conditoris
2390 1887 2646 1956 nomine,
2672 1887 2770 1946 vel

868 1981 1309 2060 magnificentia
1332 1982 1560 2064 oppidi,
1587 1982 1700 2043 hoc
1727 1983 1946 2042 honore
1974 1982 2217 2060 indigna
2241 1990 2331 2041 est
2357 1979 2767 2050 Alexandria:

869 2087 952 2148 et,
979 2077 1139 2158 quod
1180 2079 1439 2138 omnium
1485 2081 1734 2160 primum
1769 2089 1878 2150 est,
1905 2079 2122 2158 reginae
2159 2080 2368 2138 merito
2406 2077 2503 2138 vel
2542 2079 2774 2138 antefe-

870 2173 1055 2232 renda
1080 2175 1370 2234 omnibus.
2115 2171 2132 2191 ⁶

953 2277 1053 2328 44.
1096 2279 1113 2306 ⁸
1144 2267 1305 2330 Haec
1332 2269 1489 2330 enim
1517 2270 1631 2330 hac
1657 2281 1788 2331 orta
1825 2269 2028 2340 domo,
2071 2290 2254 2350 penes
2290 2289 2470 2349 quam
2512 2289 2617 2350 per
2657 2279 2772 2330 tre-

874 2375 1080 2425 centos
1107 2365 1227 2425 fere
1256 2386 1461 2436 annos,
1490 2385 1778 2446 nusquam
1817 2367 2142 2446 interrupta
2185 2365 2355 2436 serie,
2392 2367 2650 2443 regimen
2691 2367 2776 2426 rei

874 2461 1179 2542 AEgyptiae
1228 2462 1363 2533 fuit,
1411 2482 1547 2522 cum
1610 2463 1792 2522 animi
1837 2461 2266 2541 magnitudine,
2308 2458 2644 2541 prudentia,
2687 2463 2778 2524 in-

874 2555 1097 2617 dustria
1121 2557 1289 2617 nullo
1316 2561 1610 2637 majorum
1641 2559 1902 2630 inferior,
1927 2557 2362 2638 pulchritudine
2397 2579 2539 2618 vero
2579 2577 2648 2618 ae
2675 2580 2776 2619 ve—

878 2662 1113 2714 nustate
1166 2654 1437 2715 foeminas
1480 2674 1681 2715 omnes
1719 2675 2110 2736 supergressa,
2149 2654 2460 2735 complura
2501 2655 2778 2714 virtutum

878 2767 1112 2807 suarum
1142 2750 1460 2829 specimina
1484 2749 1799 2819 edidisset:
1844 2751 1957 2810 hoc
1985 2752 2138 2810 inter
2165 2749 2289 2809 alia
2307 2751 2629 2810 maximum
2655 2771 2778 2809 om-

880 2843 1042 2902 nium
1066 2853 1248 2923 atque
1268 2845 1621 2924 palmarium
1637 2865 1784 2926 opus
1803 2845 2081 2918 confecit,
2105 2854 2172 2905 ut
2191 2845 2514 2926 AEgyptum
2539 2845 2783 2926 imperio

883 2935 1166 2998 Romano
1196 2938 1586 3000 indissolubili
1613 2942 1896 3000 societate
1919 2950 2314 3002 connecteret.

964 3041 1065 3095 45.
1108 3045 1125 3071 ‘
1158 3035 1366 3116 Atque
1412 3038 1592 3096 etiam
1628 3038 1938 3097 conatibus
1983 3041 2112 3117 ejus
2152 3047 2328 3116 atque
2371 3035 2632 3096 consiliis
2675 3036 2783 3096 Dii

887 3129 1221 3192 affuerunt:
1264 3133 1377 3191 nisi
1406 3131 1554 3193 forte
1580 3132 1843 3193 humana
1865 3131 2156 3192 industria
2176 3141 2405 3192 tantam
2433 3133 2626 3213 parari
2651 3131 2784 3190 seli-

884 3227 1128 3287 citatem
1154 3229 1489 3308 putavistis,
1518 3237 1583 3287 ut
1607 3227 1839 3287 duobus
1879 3225 2176 3287 Romanis
2213 3227 2679 3308 imperatoribus,
2707 3227 2783 3287 C.

560 3334 669 3382 Liv.
693 3332 828 3397 Epit.
887 3321 1117 3382 Caesari
1161 3326 1341 3404 prius,
1386 3320 1604 3384 deinde
1647 3323 1790 3382 mihi
1837 3324 2101 3382 nuberet.
2203 3322 2388 3383 Hanc
2433 3323 2590 3382 enim
2643 3321 2786 3381 mihi

566 3618 683 3672 Dio.

602 3997 803 4054 Sueten.

570 4061 700 4111 Cas.
722 4063 803 4109 52.

888 3439 1133 3479 uxorem
1158 3441 1283 3479 esse
1312 3419 1477 3479 Deos
1500 3420 1879 3498 hominesque
1905 3439 2109 3478 omnes
2135 3429 2351 3482 testor:
2401 3439 2596 3497 neque
2621 3419 2785 3476 nobi·

890 3511 1028 3574 litas
1052 3517 1107 3593 ej
1118 3535 1203 3586 us,
1244 3535 1437 3593 neque
1462 3515 1708 3575 virtutes
1731 3515 2053 3594 patiantur,
2081 3523 2148 3574 ut
2169 3514 2399 3594 pellicis
2425 3513 2559 3573 loco
2585 3514 2790 3572 haberi

891 3612 1167 3690 cuiquam
1196 3610 1532 3670 mortalium
1558 3610 1796 3670 debeat.
1881 3609 2004 3670 Sed
2025 3629 2216 3690 neque
2237 3609 2462 3668 Caesari
2484 3609 2544 3667 in
2563 3607 2794 3668 deliciis

893 3705 1080 3783 magis
1102 3723 1283 3784 quam
1312 3707 1373 3764 in
1408 3705 1780 3765 matrimonio
1811 3705 1954 3766 fuit:
1996 3718 2058 3765 et
2087 3724 2224 3785 ego,
2263 3723 2440 3784 quem
2485 3704 2598 3764 hoc
2645 3707 2804 3765 seire.

892 3810 1132 3882 propter
1156 3800 1623 3861 familiaritatem
1652 3801 1906 3860 Caesaris
1932 3803 2191 3861 maxime
2211 3800 2492 3880 oportuit,
2521 3810 2647 3859 tum
2667 3803 2796 3878 ejus

892 3897 977 3956 rei
1004 3897 1171 3956 testis
1204 3917 1355 3968 sum,
1383 3906 1505 3956 tum
1531 3897 1712 3955 etiam
1741 3895 2092 3956 erionis
2129 3897 2306 3976 hujus
2333 3897 2410 3955 ab
2437 3896 2565 3976 ipso
2591 3896 2796 3974 agniti.

895 3991 1091 4072 quue
1118 4013 1233 4053 non
1264 4013 1373 4072 ego
1398 3990 1788 4062 solummodO,
1815 3991 1918 4052 sed
1941 3990 2016 4052 C.
2039 3991 2291 4064 Matius,
2309 3991 2412 4051 sed
2441 3991 2517 4051 C.
2541 3991 2796 4072 oppila,

896 4089 1119 4169 aliique
1147 4088 1402 4148 Caesaris
1428 4089 1606 4149 amici
1627 4089 1840 4148 sciunt.

976 4191 1077 4244 46.
1122 4193 1141 4220 ‘
1171 4184 1356 4251 Quod
1382 4185 1561 4262 igitur
1585 4183 1735 4243 felix
1775 4183 2152 4263 faustumque
2193 4185 2271 4242 sit
2293 4183 2520 4242 senatui
2547 4182 2798 4263 populo·-

896 4299 1013 4360 que
1060 4279 1363 4350 Romano,
1402 4281 1632 4360 totique
1679 4279 1830 4340 adeo
1871 4279 2140 4360 imperio,
2181 4281 2354 4358 cujus
2389 4289 2454 4340 et
2493 4299 2600 4340 vos
2639 4276 2799 4338 haud

896 4374 1226 4455 spernenda
1251 4395 1387 4458 pars
1420 4377 1596 4445 estis:
1642 4375 2055 4456 Cleopatram,
2089 4383 2214 4438 tam
2251 4395 2360 4458 pro
2388 4375 2676 4454 dignitate
2707 4373 2802 4433 sui
