3159 4959
483 398 657 468 0⁷58
1450 414 1521 463 τ.
1572 412 1756 463 mvn

802 558 1007 623 missos
1030 576 1067 617 a
1087 556 1447 636 parentibus,
1476 565 1581 617 aut
1605 555 1870 617 libidinis
1895 572 2076 615 causa
2099 562 2378 615 evocatos
2403 554 2481 614 ab
2505 552 2703 615 Amto-

801 654 901 713 nio
928 654 1164 733 reperit.
1206 652 1357 715 alios
1379 652 1604 713 remisit
1627 652 1890 719 domum,
1927 649 2188 730 Jotnpen
2207 651 2362 731 patri
2393 650 2706 711 Medorum

798 750 945 826 regi,
971 750 1075 827 qui
1100 758 1237 829 post
1268 748 1596 811 Antonium
1639 750 1856 809 victum
1885 747 1964 809 ad
2003 768 2066 807 se
2091 745 2510 825 transfugerat,
2549 747 2706 807 ultre

800 844 1097 907 reddidit:
1140 844 1425 924 quosdam
1446 845 1602 905 inter
1625 864 1689 905 se
1706 844 1914 923 junxit
1939 844 2350 933 matrimonio:
2393 844 2708 905 nonnullos

799 942 1057 1004 retinuit.
1144 941 1220 1003 In
1270 942 1485 1021 quibus
1529 940 1808 1003 Artaxiae
1833 940 2060 1009 fratres,
2087 960 2428 1019 quanquam
2455 943 2704 1021 petenti,

799 1058 917 1100 non
943 1039 1197 1106 remisit:
1244 1038 1406 1117 quod
1446 1036 1546 1097 ille
1590 1036 1922 1106 Romanos,
1949 1038 2054 1116 qui
2083 1044 2216 1117 post
2243 1038 2495 1097 Antonii
2519 1056 2700 1117 expe-

799 1134 1081 1197 ditionem
1108 1143 1511 1197 remanserant
1536 1136 1596 1193 in
1623 1134 1937 1205 Armenia,
1954 1134 2283 1213 jugularet.

508 1234 605 1283 Dio
634 1241 687 1282 et
876 1236 977 1294 65.
1022 1230 1257 1311 Corpus
1296 1230 1636 1293 Alexandri
1675 1231 1886 1310 Magni
1927 1232 2128 1294 videre
2153 1231 2306 1291 inter
2331 1232 2457 1290 haec
2483 1250 2700 1293 concu-

472 1300 715 1427 ῗζξὲῗῗε.
800 1326 972 1406 pivit,
1010 1328 1187 1407 idque
1234 1338 1690 1397 contrectatum,
1733 1330 1819 1389 ita
1857 1338 1925 1387 ut
1969 1328 2324 1408 particulam
2369 1328 2496 1387 nasi
2541 1326 2700 1387 frau-

796 1433 981 1501 geret,
1044 1435 1265 1485 corona
1322 1426 1621 1506 imposita,
1663 1423 2014 1505 floribusque
2065 1444 2316 1504 aspersis
2369 1424 2699 1483 bonoravit.

504 1527 601 1575 Leo
634 1527 771 1585 Afer,
798 1518 865 1577 N
870 1540 939 1581 ec
960 1522 1544 1599 praetermittendum,
1572 1522 1704 1599 ejus
1727 1522 1880 1598 regis
1907 1530 2344 1581 monumentum
2359 1529 2451 1580 tot
2473 1520 2702 1579 seculis

474 1593 506 1642 ¹·
533 1609 650 1642 “¹¹⁹
794 1616 1159 1687 venerabile,
1188 1618 1363 1679 hodie
1386 1619 1567 1677 etiam
1588 1627 1794 1677 extare
1823 1618 1975 1677 inter
1999 1616 2226 1677 medias
2247 1617 2452 1696 oppidi
2477 1618 2698 1687 ruinas,

794 1722 856 1773 et
874 1734 912 1771 a
940 1713 1459 1775 Muhammedanoe
1485 1714 1912 1793 superstitionis
1935 1714 2279 1783 cultoribus,
2323 1734 2537 1791 magna
2561 1714 2698 1773 reli*

792 1810 987 1886 ginno,
1016 1830 1135 1871 non
1160 1809 1349 1871 solum
1376 1823 1443 1871 ut
1472 1810 1644 1888 regis,
1671 1810 1776 1871 sed
1815 1820 1878 1869 et
1903 1812 2204 1890 propbeta:
2230 1812 2474 1871 maximi
2497 1810 2694 1890 sepul·

502 1904 600 1953 Dio
624 1912 675 1953 et
790 1926 958 1965 crum
982 1908 1228 1967 visitari.
1316 1906 1632 1985 Digressus
1657 1908 1734 1967 ab
1761 1908 1872 1967 hoc
1901 1908 2130 1977 Caesar,
2159 1907 2592 1967 Alexandrinis
2615 1908 2694 1967 ad

467 1970 668 2017 Sueton.
790 2002 1099 2065 invisenda
1126 2003 1632 2065 Ptolemaicorum
1659 2022 1860 2081 regum
1903 2003 2234 2062 conditoria
2257 2004 2516 2063 studiose
2541 2004 2695 2063 invi·

788 2099 1077 2168 tentibus,
1126 2100 1489 2179 respondisse
1516 2098 1802 2166 traditur:
1849 2108 1866 2135 ‘
1892 2098 2128 2176 Regem
2173 2098 2372 2157 videre
2412 2098 2692 2169 voluisse,

468 2208 583 2259 Dio.
788 2213 903 2253 non
930 2196 1227 2255 mortuos!
1306 2195 1473 2274 Apin
1502 2195 1682 2255 etiam
1721 2196 1986 2274 aspicere
2025 2194 2376 2273 supersedit,
2419 2204 2436 2233 ⁶
2465 2194 2632 2254 Deos
2655 2216 2692 2255 a

785 2310 871 2359 se,
900 2310 1019 2350 non
1046 2310 1187 2351 vero
1206 2292 1387 2351 boves
1414 2290 1648 2351 adorari
1665 2290 1682 2319 ’
1717 2290 1904 2349 solere
1930 2290 2152 2351 dicens.

866 2392 967 2447 66.
1012 2386 1346 2449 Conversus
1360 2386 1575 2447 deinde
1603 2385 1680 2447 ad
1708 2406 1804 2447 res
1821 2386 2068 2465 AEgypti
2083 2385 2464 2455 ordinandas,
2485 2406 2690 2466 quam,

496 2482 672 2533 Euaeb.
786 2484 1059 2561 imposito
1084 2483 1399 2562 stipendio,
1422 2484 1481 2541 in
1507 2483 1828 2563 provincia:
1853 2482 2096 2543 formam
2117 2482 2378 2561 redigere
2401 2482 2689 2553 decrerat,

462 2545 590 2659 (13:5⁰
593 2564 641 2596 η’
787 2578 901 2637 Cn.
952 2580 1295 2639 Cornelium
1342 2578 1594 2639 Gallum
1639 2600 1716 2639 ex
1768 2577 1972 2640 infima
2037 2578 2270 2639 fortuna
2315 2579 2686 2659 productum,

460 2676 696 2801 Αὸιζιέῑὲιέ.
783 2673 1046 2752 praefecti
1074 2675 1333 2743 nomine,
1359 2675 1461 2733 sed
1490 2674 1567 2734 ad
1590 2674 2032 2735 similitudinem
2055 2675 2284 2754 imperii
2309 2677 2682 2755 proconsula-

490 2803 677 2859 strabo,
782 2769 881 2837 ris,
904 2769 1203 2847 imposuit,
1232 2770 1516 2847 equestris
1552 2770 1668 2829 loci
1697 2770 1924 2830 virum:
1967 2771 2110 2849 quia
2144 2780 2382 2850 propter
2423 2772 2684 2831 multitu-

456 2872 759 2929 ¹v¹¹·v·810·
780 2862 978 2927 dinem
1002 2864 1299 2927 hominurn
1326 2884 1397 2925 ac
1426 2864 1798 2945 oppidorum,
1820 2864 2298 2945 fertilitatemque
2321 2867 2433 2925 soli
2457 2878 2522 2927 et
2544 2868 2686 2927 sinn

458 2932 754 3047 Εἱ-’,ἱὲοᾞω
780 2962 1303 3041 opportunitatem,
1343 2964 1646 3022 metuebat
1679 2981 1814 3021 eam
1854 2964 2099 3042 majoris
2133 2964 2436 3041 dignitatis
2461 2965 2682 3024 homini

460 3064 603 3137 ¹2¹¹·
779 3058 1037 3119 credere.
1104 3058 1285 3119 Unde
1310 3069 1371 3119 et
1394 3070 1696 3119 senatores
1722 3060 2066 3139 equitesque
2091 3059 2404 3120 Romanos
2427 3061 2684 3121 illustres

459 3124 602 3240 ”fl-¹22·
618 3188 751 3243 Aa·
778 3154 1101 3235 AEgyptum
1144 3158 1389 3225 intrare,
1430 3156 1541 3215 nisi
1576 3157 1880 3235 permissu,
1919 3157 2126 3215 vetuit.
2211 3156 2340 3215 Sub
2379 3158 2492 3217 hoc
2531 3178 2682 3239 pne-

456 3271 517 3307 ιι.
540 3258 624 3307 ⁸⁹.
776 3251 933 3312 fecto
968 3252 1259 3329 juridicus
1308 3251 1708 3313 Alexandria·
1759 3252 1896 3323 suit,
1951 3252 2113 3333 apud
2168 3273 2344 3333 quem
2395 3257 2679 3337 pleraque

453 3318 1001 3448 ,itffissfil'w-judicia
1025 3350 1391 3426 agebantur:
1434 3350 1694 3427 itemque
1719 3348 2062 3411 Rationalis
2098 3350 2374 3419 Caesaris,
2401 3354 2504 3433 qui
2521 3353 2680 3415 bona

773 3445 1071 3513 vacantia,
1098 3454 1161 3502 et
1184 3444 1467 3523 quicquid
1494 3446 1555 3503 in
1582 3444 1788 3505 fiscum
1815 3448 2181 3526 imperatoris
2205 3458 2440 3527 oportet
2465 3449 2676 3531 redigi,

771 3540 1039 3599 curabat.
1124 3538 1249 3599 His
1270 3541 1543 3599 omnibus
1588 3541 1782 3601 liberti
1813 3542 2088 3612 Caesaris,
2116 3552 2296 3624 atque
2335 3556 2671 3624 procurato-

770 3656 885 3705 res,
910 3634 1155 3695 diversis
1178 3635 1499 3697 officiorum
1525 3638 1716 3697 titulis
1741 3640 2124 3719 apparebant.

850 3738 950 3795 67.
996 3732 1355 3793 Praesidium
1388 3734 1669 3804 militare,
1701 3754 1876 3793 unam
1917 3735 1974 3793 in
2016 3737 2159 3796 urbe
2186 3736 2500 3816 legionem,
2523 3739 2672 3799 duas

771 3830 831 3891 iu
858 3830 1015 3907 agris
1036 3830 1376 3894 collocavit.
1447 3831 1755 3894 Praeteoea
1780 3840 1896 3895 tres
1916 3830 2208 3893 Romanae
2227 3833 2495 3895 cohortes
2515 3855 2674 3895 seer-

767 3927 877 3986 sim
923 3925 1317 3986 Alexandria:
1352 3928 1754 3997 excubabant,
1791 3936 1906 3987 tres
1951 3928 2028 3986 ad
2067 3927 2300 4009 Syenen
2341 3938 2402 3989 et
2437 3930 2668 3991 AEthio:

770 4020 882 4101 piae
910 4018 1088 4087 fines:
1134 4022 1377 4083 totidem
1404 4044 1507 4103 per
1552 4024 1702 4083 alias
1736 4025 2018 4101 regiones.
2102 4022 2294 4085 Erant
2317 4036 2380 4085 et
2405 4027 2668 4105 equitum

768 4116 882 4177 ala:
928 4127 1067 4187 tres,
1109 4118 1340 4178 idoneis
1380 4119 1525 4179 locis
1559 4120 1792 4204 etipsa:
1824 4118 2143 4201 dispositae.
2231 4120 2314 4181 Et
2337 4142 2456 4201 quo
2483 4126 2670 4203 magis

766 4211 1064 4274 mobilitas
1108 4215 1299 4293 gentis
1336 4216 1850 4294 constringeretur,
1887 4236 2004 4277 non
2053 4216 2234 4284 modo
2285 4218 2346 4279 in
2397 4228 2665 4284 senatum
