3159 4959
854 473 1058 523 LIBRI
1110 472 1453 523 cxxxiv.
1498 473 2140 525 SUPPLEMENTUM.

386 616 681 676 frumento
720 634 877 685 usus,
916 616 983 673 'ut
1026 614 1399 693 magistratus
1444 617 1624 675 etiam
1657 626 1999 697 capesseret
2039 618 2270 697 saepius,

388 711 656 790 aliosque
681 712 947 781 honores,
986 720 1165 790 atque
1196 712 1435 771 nomina
1472 724 1672 771 eorum
1701 714 1946 792 antiqua
1967 713 2272 791 reciperet,

386 828 509 886 quo
532 807 811 868 videlicet
832 826 947 867 non
972 807 1087 865 sibi
1110 806 1411 866 vindicare
1436 808 1656 876 omnia,
1689 808 1793 867 sed
1833 828 1912 867 ex
1952 808 2182 886 legibus
2213 816 2278 869 et

386 913 620 962 senatus
642 902 961 983 populique
986 902 1292 961 voluntate
1318 903 1535 963 habere
1560 903 1876 963 videretur.
1960 903 2142 969 Quod
2169 924 2275 963 ex-

383 998 667 1077 emplum'
688 1008 752 1056 et
778 1016 1151 1057 successores
1184 999 1317 1074 ejus
1362 999 1604 1069 imitati,
1652 998 1922 1057 consules
1965 1018 2145 1077 saepe,
2191 1006 2273 1069 et,

384 1094 613 1170 quoties
630 1102 801 1153 extra
820 1094 1164 1172 pomoerium
1186 1102 1446 1171 agerent,
1471 1113 1575 1173 pro
1595 1094 1934 1153 consulibus
1956 1103 2270 1171 gesserunt.

384 1186 771 1267 Imperatoris
794 1189 975 1247 etiam
1000 1198 1379 1268 susceperunt
1404 1188 1888 1269 appellationem,
1929 1188 2027 1249 vel
2061 1189 2276 1267 quibus

2429 456 2598 523 5821

378 1280 555 1341 nulla
575 1302 652 1341 ex
679 1283 845 1342 hoste
872 1294 1043 1361 parta
1078 1283 1331 1343 victoria
1354 1292 1528 1356 esset,
1570 1302 1644 1343 ne
1669 1284 1822 1361 reg-is
1847 1292 1952 1342 aut
1973 1283 2276 1343 dictatoris
2328 1282 2592 1333 TamAnn.

382 1396 597 1437 nomen
638 1387 1019 1448 assumerent,
1071 1386 1134 1436 et
1178 1386 1377 1437 tamen
1423 1379 1720 1457 proprium
1763 1378 2003 1457 aliquod
2045 1398 2273 1438 summo
2300 1351 2416 1459 ᾖξ’,

380 1471 623 1551 fastigio
648 1473 1005 1532 vocabulum
1040 1474 1343 1533 haberent.
1428 1473 1557 1532 Sub
1595 1475 1800 1533 horum
1829 1476 2128 1534 nominum
2167 1494 2271 1534 an-

382 1570 551 1646 tiquo
566 1571 703 1646 jure
728 1570 1093 1629 conscribere
1118 1572 1433 1641 exercitae,
1470 1590 1680 1648 cogere
1709 1572 2010 1650 pecunias,
2049 1569 2272 1629 bellum

384 1676 491 1722 aut
528 1683 735 1743 pacem
772 1663 989 1735 facere,
1027 1666 1375 1745 civibusque
1416 1668 1640 1746 pariter
1677 1674 1738 1725 et
1769 1668 1944 1725 sociis
1985 1667 2272 1746 imperare

378 1770 841 1819 consueverunt:
885 1762 1087 1832 etiam,
1118 1770 1186 1819 ut
1214 1762 1443 1840 equites
1468 1771 1648 1842 atque
1676 1762 1826 1821 adeo
1851 1770 2148 1822 senatores
2170 1762 2269 1822 vel

380 1855 535 1914 intra
558 1856 897 1935 pomini-ium
916 1876 1127 1916 necare
1148 1867 1415 1936 possent:
1452 1866 1534 1927 et,
1564 1858 1848 1937 quicquid
1873 1878 2132 1937 unquam
2157 1861 2272 1919 ista

258 1956 264 1966 '
381 1952 619 2009 nomina
660 1952 991 2029 gerentibus
1032 1960 1371 2031 usurpatum
1419 1954 1726 2032 potestatis
1763 1952 1894 2011 fuit.
1994 1952 2270 2013 Censurae

376 2066 521 2106 ¹vero
570 2048 929 2127 praescriptio
976 2046 1325 2106 facultatem
1386 2047 1571 2117 dabat
1621 2048 1680 2105 in
1735 2047 1918 2106 vitam
1969 2067 2268 2127 moresque

378 2142 737 2221 singulorum
772 2142 1127 2221 inquirendi,
1166 2164 1374 2203 census
1414 2143 1652 2221 agendi,
1679 2144 1736 2202 in
1773 2144 2028 2221 equitem
2055 2152 2158 2203 aut
2179 2164 2268 2203 se-

380 2246 581 2297 natum
608 2238 862 2316 legendi,
889 2258 1039 2317 quos
1060 2237 1303 2307 vellent,
1346 2247 1451 2298 aut
1475 2246 1692 2298 contra·
1709 2236 1844 2297 inde
1870 2239 2251 2300 removendi.'

458 2340 601 2392 1⁰6.
644 2332 750 2391 'Ne
792 2342 991 2393 autem
1030 2333 1155 2392 ulla
1188 2354 1323 2413 pars
1363 2332 1704 2413 reipublicae
1743 2332 2041 2394 videretur
2065 2354 2264 2394 eorum

378 2428 561 2487 eximi
586 2428 863 2506 potestati
902 2436 1190 2508 oportere,
1226 2428 1557 2488 sacerdotia
1597 2428 1913 2507 capiebant
1949 2429 2165 2499 omnia,
2208 2437 2268 2489 et

380 2522 661 2603 pleraque
708 2522 1107 2593 conferebant,
1164 2524 1273 2602 ipsi
1324 2521 1733 2603 pontificatum
1783 2524 2104 2581 maximum
2155 2524 2264 2582 soli

378 2618 711 2678 retinentes.
784 2617 1119 2677 Tribunitia
1140 2618 1353 2679 deinde
1378 2627 1640 2697 potestas
1663 2618 1849 2677 dabat
1871 2620 2040 2677 eisin
2065 2622 2266 2681 omnia

378 2724 615 2777 senatus
638 2714 877 2775 decreta
916 2714 1241 2785 arbitrium,
1278 2724 1349 2773 ut
1373 2713 1577 2773 liceret
1611 2716 1719 2783 eis,
1753 2714 2034 2793 quicquid
2067 2734 2264 2774 eorum

379 2810 737 2890 displiceret,
778 2810 1018 2871 tollere:
1064 2818 1351 2889 praeterea
1388 2818 1792 2871 sacrosanctos
1831 2809 2137 2871 efficiendo
2187 2811 2264 2869 ab

380 2907 539 2965 omni
578 2905 937 2966 defendebat
970 2907 1223 2985 injuria:
1268 2906 1417 2965 adeo
1443 2916 1528 2975 ut,
1565 2904 1614 2965 si
1643 2905 1742 2966 vel
1778 2906 1986 2965 leviter
2009 2926 2071 2964 se
2097 2905 2267 2965 laeaos

382 3002 565 3059 verbo
588 3000 823 3061 factove
848 3003 1195 3078 cujusquam
1239 3002 1669 3069 existimarent,
1713 3008 1950 3079 possent
1984 3019 2140 3069 eum,
2178 3000 2262 3057 in-

380 3095 545 3155 dicta
568 3115 774 3165 causa,
813 3104 1099 3173 tanquam
1124 3094 1365 3173 impium
1392 3102 1453 3151 et
1474 3094 1763 3153 nefarium
1789 3095 2080 3153 hominem
2106 3096 2264 3154 oeci-

381 3190 538 3273 dere.
622 3189 709 3251 Et
752 3191 1114 3249 tribunatum
1164 3188 1423 3267 quidem,
1471 3197 1752 3267 tanquam
1801 3190 2064 3267 patriciis
2106 3190 2262 3247 haud

379 3286 623 3347 concedi
671 3286 932 3357 solitum,
986 3304 1104 3345 non
1146 3284 1586 3364 suscipiebant3
1645 3292 1992 3363 potestatem
2044 3292 2262 3355 autem,

382 3392 605 3463 quanta
646 3402 905 3462 unquam
946 3379 1063 3440 fuit
1109 3381 1392 3450 maxima,
1442 3379 1860 3439 vindicabant:
1904 3400 2084 3459 quam
2123 3382 2264 3459 quia

382 3479 711 3557 quotannis„
742 3478 973 3556 quoties
1006 3476 1367 3535 tribunorum
1394 3476 1634 3535 comitia
1659 3474 1918 3555 perfecta
1945 3484 2132 3545 erant,
2169 3496 2262 3534 re-

381 3575 714 3643 sumebant,
736 3593 843 3653 per
868 3572 1385 3635 annosetribunitiae
1404 3571 1712 3650 potestatis
1735 3572 2042 3649 imperium
2059 3590 2260 3631 eorum

382 3670 735 3728 dinumerari
760 3669 1030 3728 obtinuit.
1114 3666 1275 3740 Haec
1314 3667 1507 3744 igitur,
1547 3675 1830 3744 tanquam
1857 3686 1894 3726 a
1918 3666 2137 3745 populo
2163 3685 2260 3724 ac-

382 3774 579 3846 cepta,
622 3764 701 3825 ad
732 3765 1043 3842 imaginem
1068 3764 1327 3842 antiquae
1357 3761 1718 3840 reipublicae,
1759 3762 2054 3839 principes
2074 3762 2259 3819 babu-

382 3870 569 3921 erunt.
638 3859 915 3919 Ceterum
938 3880 1057 3919 rem
1078 3858 1439 3938 paucissimis
1458 3857 1623 3926 olim,
1653 3866 1716 3915 et
1734 3864 1961 3915 tantum
1987 3863 2176 3913 certas
2201 3854 2261 3913 in

383 3976 591 4017 causas
614 3974 970 4025 concessam,
996 3960 1385 4013 assumserunt
1409 3952 1465 4009 in
1494 3952 1714 4021 omnia,
1741 3960 1807 4009 ut
1824 3950 2050 4026 legibus
2069 3947 2260 4007 solve-

382 4061 597 4115 rentur.
667 4051 871 4111 Patris
890 4058 1084 4111 autem
1104 4049 1309 4129 patriae
1328 4051 1377 4081 ¹0
1404 4046 1860 4127 appellationem
1879 4045 2112 4103 honoris
2131 4043 2262 4127 plus

773 4259 837 4305 lo
866 4254 981 4305 Vox
1002 4255 1175 4319 patrie
1194 4253 1341 4305 abest
1360 4250 1573 4319 abvcdd.
1591 4259 1714 4301 ante
1732 4248 1882 4301 (ἴτον.
