3159 4959
535 436 709 502 5700

573 997 691 1052 Dio,
758 1031 773 1048 .

540 1065 656 1111 281.
736 1069 808 1112 ut.

1490 451 1561 500 'l’-
1609 449 1804 502 111le

942 600 1041 654 68.
1086 591 1429 652 Fuscinatus
1468 593 1559 652 his
1599 592 1922 663 Antonius,
1957 593 2016 650 in
2057 599 2286 652 tantum
2333 593 2528 652 animo
2565 593 2762 654 relan-

863 689 1009 764 guit,
1058 695 1127 748 ut
1170 687 1359 748 Medo
1406 689 1798 768 nequicquam
1845 687 2212 747 occasionem
2263 697 2526 764 urgente,
2571 689 2766 750 donec

865 783 1225 842 Parthorum
1261 783 1511 843 dissidia
1546 783 1752 844 faciles
1789 783 2118 862 praeberent
2155 781 2587 855 invadentibus,
2623 805 2764 864 pro·

864 877 1021 942 tinus
1073 877 1517 939 Alexandriam
1585 887 1986 949 reverteretur,
2035 885 2301 938 oestatem
2342 880 2764 959 opperiendam

864 994 988 1034 ease
1024 975 1366 1036 rescribens.
1446 974 1602 1034 Tum
1629 994 1862 1053 quoque
1889 975 1993 1034 vix
2029 974 2108 1032 ad
2133 973 2404 1034 Araxem
2430 995 2770 1054 progressus

864 1079 983 1140 αῖς
1026 1089 1162 1130 cum
1200 1071 1456 1130 irritatus
1490 1069 1744 1130 Caesaris
1783 1069 2136 1139 actionibus,
2171 1068 2250 1128 de
2287 1070 2448 1130 bello
2483 1070 2766 1130 aduersus

864 1167 1055 1245 ipsum
1092 1165 1469 1245 suscipiendo
1510 1167 1692 1245 coepit
1732 1165 2010 1243 cogitare.
2109 1165 2301 1243 Cujus
2343 1165 2437 1224 hae
2477 1167 2764 1246 proximae

864 1259 1044 1322 fuisse
1079 1280 1271 1321 causa>
1306 1261 1583 1322 feruntur.

948 1365 1046 1419 59.
1094 1359 1186 1418 Ut
1220 1357 1501 1426 Octavia,
1532 1357 1741 1418 relicto
1776 1357 1835 1416 in
1863 1356 2095 1437 pellicis
2121 1357 2494 1436 amplexibus
2526 1359 2762 1430 marito,

870 1453 1130 1512 Romam
1172 1454 1339 1512 irrisa
1370 1453 1565 1524 rediit,
1594 1451 1796 1512 Caesar
1829 1472 1962 1514 eam
1993 1452 2071 1512 ad
2097 1473 2160 1512 se
2185 1449 2606 1530 commigrare*¹
2629 1456 2764 1533 jus-

866 1556 1038 1610 serat.
1108 1547 1229 1610 Illa
1252 1557 1474 1620 tamen,
1502 1567 1619 1610 non
1647 1547 1978 1626 quotidiani
2007 1549 2268 1629 exempli
2295 1549 2521 1619 mulier,
2548 1551 2766 1620 oravit,

832 1699 841 1710 .
869 1655 885 1680 ⁴
918 1654 985 1706 ut
1017 1665 1079 1704 se
1114 1665 1415 1706 remanere
1452 1647 1511 1704 in
1546 1645 1726 1703 domo
1749 1644 1862 1704 viri
1887 1645 2228 1723 pateretur?
2307 1644 2538 1706 Eadem
2565 1647 2766 1706 obtes-

867 1749 997 1800 tata
1030 1740 1271 1802 fratrem
1305 1749 1416 1811 est,
1446 1750 1463 1778 ‘
1494 1759 1567 1800 ne
1603 1747 1840 1820 propter
1871 1759 1934 1800 se
1960 1739 2184 1800 bellum
2221 1739 2490 1800 Antonio
2515 1740 2762 1810 faceret,

868 1838 978 1896 nisi
1018 1837 1340 1915 majoribus
1371 1837 1566 1896 causis
1599 1836 2024 1916 impelleretur:
2067 1836 2346 1896 decorum
2382 1839 2534 1896 enim
2573 1837 2762 1898 neutri

866 1932 1015 2005 fore,
1040 1934 1091 1994 si
1126 1933 1431 1993 mulierum
1466 1953 1650 1994 causa
1674 1932 1837 1992 bello
1861 1932 2022 1992 civili
2045 1953 2168 1992 rem
2195 1933 2534 1993 Romanam
2570 1931 2764 1992 invol-

866 2032 1017 2091 visse
1056 2030 1371 2090 dicantur!
1454 2029 1577 2089 His
1610 2028 1783 2090 dictis
1815 2028 1980 2088 facta
2013 2030 2190 2088 etiam
2229 2028 2622 2090 laudabiliora
2655 2027 2760 2088 ad-

857 2129 1027 2205 jecit.
1113 2126 1367 2187 Antonii
1392 2127 1730 2198 liberorum,
1757 2145 1874 2186 non
1899 2124 2074 2185 modo
2099 2145 2246 2204 quos
2271 2127 2420 2206 ipsa,
2445 2125 2548 2185 aed
2581 2126 2760 2185 etiam

868 2243 1015 2301 quos
1048 2224 1103 2282 ei
1140 2223 1354 2283 Fulvia
1378 2232 1706 2304 pepererat,
1733 2241 1932 2284 curam
1958 2223 2116 2300 egit:
2159 2223 2476 2282 amicorum
2505 2224 2634 2301 ejus
2655 2221 2760 2282 de-

866 2318 1101 2389 sideria,
1147 2339 1297 2398 quos
1348 2320 1630 2380 honorum
1680 2319 2084 2399 petendorum,
2129 2327 2236 2378 aut
2277 2317 2528 2376 aliarum
2573 2335 2761 2376 rerum

868 2415 1059 2492 gratia
1085 2413 1347 2474 Romam
1372 2417 1670 2485 mittebat,
1693 2414 1853 2494 apud
1882 2413 2180 2473 Caesarem
2205 2413 2378 2472 enixe
2397 2413 2588 2491 juvit:
2633 2412 2764 2470 nul·

868 2509 1045 2588 laque
1086 2530 1150 2570 re
1194 2511 1435 2590 optimoe
1484 2512 1685 2571 uxoris
1721 2509 1916 2570 officio
1951 2509 2151 2568 deesse
2190 2511 2318 2568 visa
2353 2518 2462 2568 est.
2543 2509 2638 2568 At
2679 2508 2764 2568 sic

867 2606 1053 2666 invita
1100 2607 1353 2665 nocebat
1396 2605 1689 2677 Antonio,
1735 2607 1834 2668 cui
1883 2605 2134 2686 populus
2181 2607 2534 2666 irascebatur
2577 2604 2758 2664 talem

869 2699 1163 2761 foeminam
1190 2701 1531 2780 negligenti,
1548 2706 1682 2781 jam
1707 2703 1786 2762 ob
1811 2713 2008 2762 cetera
2029 2721 2266 2782 quoque
2287 2701 2549 2761 facinora
2567 2719 2761 2760 causae

866 2795 1027 2854 illius
1054 2798 1325 2874 iniquior.

546 2895 666 2958 Dio,
684 2895 776 2946 Ι.ι..
792 2901 845 2942 et
948 2898 1049 2952 60.
1094 2892 1327 2972 Saepius
1360 2893 1515 2954 enim
1554 2894 1911 2974 triumphum
1957 2897 2090 2973 ejus
2130 2893 2632 2964 Alexandrinum,
2670 2891 2764 2954 di-

544 2959 677 3008 Plut.

866 2987 1233 3069 visionesque
1272 3011 1600 3070 regnorum,
1627 3000 1688 3050 et
1719 3001 1916 3050 cetera
1951 2991 2216 3050 incivilia
2241 2989 2446 3050 Caesar
2469 2991 2532 3048 in
2555 3001 2762 3050 senatu

864 3093 929 3144 et
966 3084 1045 3142 ad
1084 3086 1369 3166 populum
1411 3087 1716 3148 traducere
1756 3107 1870 3146 non
1907 3087 2200 3146 omiserat.
2287 3085 2426 3145 Nec
2465 3085 2764 3146 Antonius

865 3181 1223 3242 reeriminari
1275 3183 1495 3242 oblitus
1542 3193 1676 3244 est:
1726 3183 1917 3242 missis
1965 3183 2066 3261 qui
2111 3189 2511 3261 quererentur,
2556 3191 2573 3219 ‘
2603 3183 2766 3242 victo

867 3277 1187 3357 Pompeio,
1232 3289 1449 3338 exacto
1496 3277 1744 3358 Lepido,
1791 3277 1989 3336 omnia
2029 3297 2212 3336 unum
2263 3277 2512 3336 retinere
2559 3276 2760 3337 (ἔπεα,

864 3391 1023 3430 rem:
1076 3372 1287 3432 eadem
1328 3375 1666 3449 arrogantia
1705 3375 1825 3432 suis
1861 3393 1992 3432 eum
2034 3374 2328 3433 veteranis
2365 3391 2538 3453 prena
2576 3380 2762 3443 totam

868 3464 1112 3526 Italiam
1146 3467 1434 3536 divisisse,
1466 3468 1633 3527 nullo
1663 3478 1929 3548 respectu
1966 3489 2164 3529 eorum
2202 3471 2465 3547 quicum
2501 3468 2766 3527 Antonio

868 3562 1230 3622 militarent!
1312 3563 1433 3623 Sed
1468 3575 1531 3624 et
1566 3585 1645 3625 ex
1680 3566 2032 3636 delectibus‚
2059 3584 2208 3644 quos
2243 3563 2450 3624 Caesar
2483 3565 2543 3623 in
2577 3563 2764 3623 Italia

865 3658 1186 3730 habuisset,
1230 3658 1539 3722 dimidiam
1582 3661 1834 3722 militum
1881 3670 2107 3741 partem
2149 3661 2263 3719 sibi
2304 3658 2506 3720 deberi
2549 3659 2762 3740 praise-

865 3753 1053 3814 rebat.

944 3857 1046 3910 61.
1091 3849 1295 3912 emar
1338 3849 1414 3910 ad
1458 3871 1532 3910 ea
1570 3853 1987 3924 cavillabatur,
2029 3861 2048 3888 ‘
2077 3851 2329 3913 Sextum
2369 3861 2430 3912 et
2471 3851 2759 3933 Lepidum

854 3949 993 4024 jura
1034 3965 1071 4005 a
1111 3967 1173 4005 se
1212 3949 1533 4018 coercitos:
1576 3969 1690 4012 nec
1733 3959 1930 4009 tamen
1971 3949 2226 4008 abnuere
2258 3969 2323 4010 se
2357 3950 2562 4029 partiri
2597 3951 2761 4012 bello

929 4121 952 4156 ¹¹
986 4124 1067 4172 Ad
1086 4139 1137 4174 ue
1154 4123 1489 4188 commigrare]
1526 4122 1678 4173 Haud
1696 4139 1774 4174 aa·
1841 4125 1932 4184 τὴν
1951 4124 2099 4176 οἰκῶ·
2119 4134 2204 4176 ent
2231 4127 2401 4176 habere
2429 4128 2618 4176 dm
2647 4141 2761 4188 pro·

868 4183 934 4233 tis
991 4197 1235 4237 accurate
1293 4191 1454 4237 vertit
1510 4187 1774 4238 Plutarchi
1837 4191 2014 4255 priam,
2083 4191 2232 4242 domo
2290 4191 2503 4242 Antonii
2559 4193 2758 4243 relicta.

867 4249 1019 4299 verba
1056 4251 1450 4304 Freinshemius.
1518 4253 1634 4302 Καθ’
1669 4253 1774 4301 {av-
1847 4255 1989 4303 Creo.
