3159 4959
578 400 767 467 (tm.

1548 411 1616 460 Τ.
1667 409 1849 459 mvn

908 558 1019 618 mis
1054 554 1267 616 ineatis
1304 549 1598 633 pralium,
1625 559 1692 610 ut
1715 551 1952 610 omnino
1976 547 2298 610 victoribus
2329 547 2467 610 inde
2491 547 2808 611 discedes«

907 656 1048 715 dum
1072 649 1440 712 existimetis.
1508 646 1716 708 Sicula
1739 647 1974 706 illorum
1988 646 2236 706 victoria
2259 645 2428 706 nobis
2447 643 2808 707 documento

905 752 1005 820 sit,
1048 767 1184 828 quae
1223 748 1285 807 in
1328 767 1435 806 vos
1474 748 1598 806 sint
1656 743 1934 823 exempla
1974 742 2210 811 edituri,
2251 742 2357 822 qui
2395 750 2518 802 tam
2563 741 2810 814 multos,

908 847 1087 906 etiam
1120 843 1435 904 illustrium
1473 842 1750 911 virorum,
1793 841 2242 907 interemerunt3
2286 858 2394 899 nec
2431 857 2636 898 eornm
2669 847 2804 898 tan-

908 953 1035 1002 tum
1074 941 1180 1020 qui
1218 938 1379 1019 apud
1418 937 1777 1017 Pompeium
1817 934 2074 1005 fuerant,
2125 934 2231 994 sed
2284 935 2464 992 etiam
2503 953 2580 992 ex
2622 933 2804 1012 Lepi-

908 1037 1101 1108 dnnis,
1127 1037 1317 1096 socios
1338 1054 1493 1102 suos,
1519 1041 1932 1111 consortesque
1968 1029 2380 1112 periculorum,
2405 1030 2626 1109 quibus
2642 1029 2808 1091 haud

908 1134 1211 1192 minimam
1252 1129 1536 1189 deberent
1574 1136 1799 1208 partem
1841 1129 1974 1205 ejus
2005 1127 2192 1207 ipsius
2209 1126 2498 1196 victoria,
2523 1145 2643 1204 qua
2677 1134 2806 1186 tam

910 1227 1226 1288 insolenter
1267 1227 1679 1286 abutebantur.

990 1331 1090 1382 41.
1135 1332 1151 1358 ‘
1178 1321 1344 1387 Quid
1378 1323 1509 1400 jam
1545 1319 1624 1379 de
1666 1321 1794 1399 ipso
1837 1317 2063 1398 Lepido
2101 1317 2353 1397 loquar?
2435 1316 2626 1396 Cujus
2663 1337 2801 1378 cum

911 1420 1187 1498 injuriam
1212 1417 1459 1487 nullam,
1485 1413 1839 1476 beneficium
1877 1434 2152 1492 magnum
2177 1422 2240 1474 et
2262 1432 2464 1474 reeens
2496 1412 2802 1484 haberent,

912 1519 1051 1590 (nec
1076 1514 1231 1574 enim
1257 1515 1379 1572 sine
1404 1513 1581 1592 liujus
1621 1511 1846 1571 auxilio
1883 1523 2142 1570 evertere
2183 1511 2540 1591 Pompeium
2581 1511 2805 1590 potuis-

909 1614 1091 1688 sent,)
1112 1609 1486 1687 ingratissimi
1512 1607 1845 1667 mortalium
1879 1607 2171 1665 hominem
2205 1606 2597 1676 innocentem,
2624 1607 2802 1666 bene-

910 1703 1202 1773 meritum,
1224 1704 1445 1771 mitem,
1464 1703 1709 1781 imperio
1735 1711 2044 1771 exuerunt,
2070 1711 2132 1761 et
2153 1721 2308 1760 nunc
2322 1721 2559 1780 quoque
2583 1702 2806 1781 captivi

908 1799 1088 1860 modo
1132 1799 1359 1858 babent
1398 1799 1458 1856 in
1504 1797 1796 1857 custodia.
1882 1795 2104 1876 Neque
2149 1797 2412 1856 mitiores
2453 1799 2515 1856 in
2557 1806 2808 1868 ceteros,

910 1883 1059 1974 quos
1121 1894 1398 1975 pecunias
1456 1891 1774 1952 crudeliter
1822 1892 2115 1970 exigendo
2153 1913 2288 1953 cum
2341 1894 2400 1952 in
2443 1893 2610 1952 arma
2653 1894 2808 1970 egis-

909 2000 1062 2060 sent,
1100 2009 1204 2070 pro
1240 1989 1504 2048 hostibus
1538 1988 1901 2050 occiderunt.
1987 1987 2116 2052 Qui
2147 2007 2286 2066 ergo
2321 1988 2470 2048 talia
2496 1990 2554 2048 in
2585 1987 2810 2048 amicos

910 2087 1215 2166 sociosque
1244 2094 1609 2166 perpetrant,
1635 2084 1782 2165 quid
1820 2104 1938 2144 non
1973 2084 2278 2144 audebunt
2307 2086 2368 2143 in
2405 2084 2806 2146 adversarios?

913 2184 1114 2245 Nobis
1137 2183 1363 2244 scilicet
1388 2190 1650 2262 parcent,
1678 2182 1896 2260 quibus
1930 2181 2020 2240 illi
2044 2181 2197 2241 viles
2233 2180 2512 2242 fuerunt?
2593 2182 2806 2242 Absti-

912 2281 1139 2342 nebunt
1168 2280 1398 2360 nostris,
1435 2279 1537 2360 qui
1572 2297 1810 2338 suorum
1841 2276 2225 2337 facultatibus
2258 2279 2496 2337 minime
2527 2297 2805 2359 peperce-

912 2385 1047 2436 runt
1070 2377 1095 2434 ’ἕ
1174 2376 1325 2435 Tam
1352 2375 1700 2455 impotentes
1723 2383 1998 2435 manente
2023 2371 2210 2444 bello,
2233 2375 2484 2436 victoria
2507 2373 2808 2435 moderate

914 2471 1190 2532 utentur?
2807 2467 2816 2492 ³

992 2573 1093 2626 42.
1138 2577 1155 2601 ‘
1171 2565 1293 2626 Sed
1316 2568 1462 2648 quid
1488 2587 1602 2646 ego
1627 2567 1686 2625 in
1713 2566 2048 2627 enatandis
2072 2587 2205 2646 quae
2231 2567 2508 2628 adversus
2531 2567 2806 2632 aliosde-

912 2662 1229 2740 liquerunt‚
1254 2663 1440 2723 verba
1474 2663 1797 2722 consumo?
1881 2664 2038 2729 Quis
2074 2664 2231 2722 enim
2268 2663 2562 2742 indignius
2586 2662 2810 2742 meipso

914 2764 1195 2836 acceptus
1228 2766 1319 2816 est
1346 2765 1409 2816 et
1441 2757 1722 2817 habitus?
1802 2755 2100 2818 Triumvir
2121 2759 2546 2819 constituendae
2571 2757 2814 2840 reipub-⁸

910 2850 1065 2920 licae,
1100 2851 1227 2930 pari
1260 2859 1441 2930 atque
1484 2851 1689 2910 Caesar
1725 2853 1862 2930 jure
1894 2864 2148 2924 creatus,
2195 2863 2362 2914 tanto
2405 2863 2670 2934 tempore
2717 2855 2806 2914 sic

914 2967 1052 3007 usus
1078 2955 1393 3026 potestate,
1420 2957 1490 3007 ut
1512 2949 1793 3027 poenitere
1829 2950 1958 3026 ejus
1987 2969 2102 3008 non
2133 2950 2386 3016 debeat:
2431 2959 2718 3029 quantum
2745 2950 2806 3008 in

912 3041 1149 3121 collega
1188 3052 1300 3115 est,
1336 3044 1670 3122 magistratu
1709 3045 1927 3124 privor,
1963 3045 2256 3105 destinato
2289 3047 2469 3106 etiam
2499 3044 2808 3106 consulatu

914 3157 1130 3198 careo:
1172 3158 1288 3198 non
1336 3137 1411 3198 de
1457 3149 1697 3220 senatus
1741 3142 2054 3211 sententia,
2105 3144 2278 3220 eujus
2331 3161 2542 3200 nomen
2594 3142 2808 3200 frustra

914 3236 1237 3314 praescribi,
1284 3244 1374 3295 tot
1418 3237 1735 3315 primorum
1777 3238 1908 3313 ejus
1952 3235 2196 3307 ordinis,
2236 3238 2610 3317 ipsorumque
2655 3236 2810 3297 adeo

913 3329 1221 3392 consulum
1272 3330 1555 3410 profectio
1615 3352 1691 3391 ex
1747 3330 1918 3391 Urbe
1982 3331 2428 3392 demonstravit.
2508 3331 2812 3393 Satellites

918 3425 1173 3484 Caesaris
1224 3435 1383 3493 sunt,
1438 3427 1539 3504 qui
1593 3425 1722 3485 haec
1777 3427 2042 3486 molienti
2104 3439 2337 3508 patrum
2393 3431 2803 3490 auctoritatem

915 3517 1067 3580 falso
1092 3521 1481 3592 circumdant,
1508 3522 1565 3579 in
1593 3541 1655 3579 se
1681 3543 1944 3602 quoque,
1965 3543 2084 3584 non
2121 3533 2350 3584 tantum
2389 3526 2448 3582 in
2488 3528 2810 3606 rempubli-

916 3635 1047 3675 cam
1073 3617 1293 3692 injurii,
1319 3617 1559 3696 quando
1587 3619 1671 3678 sic
1699 3639 1762 3678 se
1787 3620 2114 3680 cervicibus
2141 3623 2259 3680 suis
2287 3641 2481 3699 regem
2508 3623 2811 3702 imponere

916 3728 1030 3768 non
1056 3712 1333 3770 sentiunt.
1414 3711 1553 3771 Jam
1595 3733 1700 3792 pro
1739 3734 1803 3774 se
1839 3714 2087 3794 quisque
2127 3718 2412 3776 rationem
2455 3717 2636 3789 ineat,
2662 3717 2805 3797 quid

915 3805 1029 3864 sibi
1054 3807 1237 3886 possit
1262 3807 1338 3866 ab
1363 3807 1477 3866 hoc
1503 3817 1760 3868 monstro
1803 3809 2104 3888 polliceri;
2149 3814 2318 3889 eujus
2356 3811 2674 3872 inhumana
2713 3825 2804 3875 at·-

915 3921 1030 3978 que
1058 3903 1241 3981 impia
1264 3902 1598 3962 temeritate
1639 3912 2052 3964 testamentum
2079 3905 2174 3966 M.
2203 3906 2456 3967 Antonii
2479 3929 2514 3967 e
2539 3918 2806 3988 penetra-

918 3995 1073 4057 libus
1122 3997 1328 4058 vestae
1384 3999 1445 4059 vi
1504 4009 1736 4080 raptum
1797 4009 1906 4073 est,
1962 4003 2109 4072 vivi,
2163 4003 2440 4072 valentis,
2500 4003 2808 4065 Armenia

915 4102 1042 4151 tum
1066 4093 1321 4154 maxime
1350 4095 1609 4167 victoris,
1637 4105 1700 4156 et
1723 4105 1889 4156 tanta
1915 4101 2184 4178 potentia
2215 4100 2453 4160 subnixi
2479 4121 2494 4160 :
2537 4120 2645 4161 nec
2670 4121 2804 4180 rap-

918 4197 1042 4249 tum
1081 4192 1279 4262 modo,
1316 4191 1419 4252 sed
1460 4193 1838 4272 resignatum,
1876 4193 2212 4278 lectumque
2249 4197 2530 4278 publice?
2612 4196 2808 4276 Cujus
