3159 4959
960 434 1166 484 timu
1217 437 1504 487 cxxiii.
1548 440 2190 495 surranum-uu.
2498 430 2675 495 5317

455 590 594 651 spes
617 583 786 645 esset,
810 574 1172 656 dispositis-a
1192 578 1486 659 Pompeio
1511 582 1695 643 firmis
1718 584 1939 665 ubique
1964 586 2353 665 praesidiis,et

463 667 542 725 nd
587 668 802 729 bellum
835 675 1283 733 transmarinum
1314 676 1560 755 trepidis
1590 679 1846 738 Antonii
1893 681 2075 740 literis
2106 701 2349 741 vocare·

459 769 555 820 tur
584 782 601 829 3
633 821 640 825 ,
671 764 804 823 aliis
855 765 1198 827 Italicarum
1251 768 1701 851 Sicularumque
1752 794 1945 833 rerum
1992 775 2351 836 demandata

456 878 620 929 curn,
664 859 1044 921 Brundisium
1087 866 1409 943 navigavit,
1461 869 1623 947 prius
1670 869 1963 947 Rheginis
2010 870 2154 931 data
2203 871 2345 943 fide,
2371 878 2585 946 Appian-

454 962 616 1013 certo
636 966 976 1017 curaturum
999 962 1086 1018 uti
1110 982 1144 1019 e
1169 980 1408 1021 numero
1431 963 1665 1021 urbium
1690 965 2105 1035 eximerentur,
2127 986 2263 1046 quae
2286 968 2347 1025 in

455 1050 716 1109 victoriae
741 1100 750 1109 .
771 1054 1074 1130 prmium
1126 1057 1420 1134 promissae
1469 1056 1757 1117 militibus
1804 1058 2055 1119 fuerant.
2162 1061 2349 1127 Quod
2403 1076 2575 1126 strabo
2591 1093 2666 1127 vr.

453 1145 608 1203 enim
645 1156 816 1205 erant
839 1158 1274 1227 peropportuno
1308 1152 1370 1209 in
1397 1150 1669 1211 Siciliam
1692 1153 1833 1223 situ,
1858 1162 1923 1211 et
1948 1172 2347 1233 propugnacu-
2370 1146 2585 1268 2⁰92}ss

452 1237 576 1297 lum
603 1238 800 1299 Italiae
827 1254 1064 1321 propter
1097 1246 1422 1322 potentiam
1459 1244 1847 1315 habebantur,
1879 1266 1953 1305 ne
1984 1248 2099 1307 hoc
2134 1258 2349 1309 terrore

447 1334 532 1391 ad
579 1334 864 1413 Pompeii
911 1337 1230 1396 amicitiam
1270 1350 1635 1415 cogerentur,
1684 1340 1841 1399 haud
1878 1342 2097 1419 injuria
2128 1352 2350 1403 metue-

451 1427 580 1485 bat.
663 1428 894 1487 Eadem
922 1430 1098 1507 igitur
1126 1431 1506 1505 liberalitate,
1543 1434 1837 1495 similibus
1868 1436 1945 1495 de
1966 1438 2178 1509 causis,
2204 1458 2347 1517 erg-a

453 1521 831 1587 Vibonem
857 1546 996 1585 usus
1009 1535 1124 1585 est.

529 1624 587 1677 5.
617 1618 712 1679 At
738 1621 1088 1702 Pompeius,
1114 1620 1542 1685 totius‘Sioilioe
1563 1625 1806 1706 potitus,
1828 1628 1917 1687 A.
1930 1628 2339 1709 Bithynicum,
2366 1641 2475 1693 Liv.
2498 1642 2630 1707 Epit-

445 1720 667 1773 structo
693 1716 938 1776 crimine
962 1717 1328 1797 proditionis,
1371 1721 1685 1781 interimit:
1728 1724 2035 1804 elatusque
2056 1725 2345 1787 felicitate
2366 1706 2486 1757 3⁰⁵⁰·

446 1828 556 1867 sua
579 1828 834 1887 pugnam
861 1814 1132 1873 navalem
1167 1835 1344 1895 prope
1369 1814 1676 1895 Rhegium
1714 1820 2004 1890 exhibuit,
2028 1830 2097 1879 ut
2117 1820 2177 1878 in
2200 1840 2341 1881 con·

443 1913 650 1980 speetu
685 1906 938 1965 hostium
965 1918 1132 1969 esset.
1217 1908 1502 1989 Captivos
1533 1912 1693 1971 enim
1730 1914 1879 1972 inter
1910 1934 1975 1973 se
2000 1932 2343 1975 concurrere

445 2004 738 2076 coegerat,
765 2002 916 2063 alios
950 2004 1180 2081 ligneis,
1209 2004 1358 2063 alios
1373 2005 1645 2085 pelliceis
1666 2008 1937 2084 navigiis,
1968 2008 2047 2067 nd
2070 2008 2339 2069 deriden—

443 2091 584 2153 dum
628 2084 964 2157 Snlvidieni
995 2108 1410 2157 commentum.
1489 2100 1699 2159 Aucto
1726 2100 1941 2163 deinde
1964 2104 2205 2163 navium
2230 2124 2339 2163 nu·-
2434 2124 2443 2133 ·

439 2210 628 2261 mero,
649 2211 786 2251 cum
811 2210 970 2251 mare
997 2193 1258 2252 vicinum
1283 2187 1446 2253 haud
1470 2192 1651 2257 dubie
1674 2196 1921 2255 haberet
1944 2196 2007 2253 in
2030 2205 2340 2272 potestate,

441 2288 698 2363 majores
725 2271 906 2345 etiam
938 2287 1177 2364 spiritus
1213 2286 1440 2355 sumsit,
1487 2286 1765 2365 Neptuni
1802 2308 1865 2346 se
1898 2287 2089 2347 filium
2129 2288 2339 2360 rerem,

333 2448 346 2461 ι
443 2379 694 2457 quodet
726 2382 854 2459 ipse
885 2380 1112 2441 valeret
1137 2380 1447 2450 classibus,
1481 2392 1544 2439 et
1583 2384 1923 2461 progenitus
1950 2392 2106 2443 esset
2135 2404 2209 2445 eo
2230 2386 2335 2464 qui

439 2472 585 2533 olim
613 2476 796 2535 totius
818 2476 994 2535 maris
1017 2476 1322 2554 imperium
1347 2476 1645 2535 tenuisset.

513 2578 574 2629 6.
619 2569 868 2629 Interim
916 2571 1139 2641 Caesar,
1185 2571 1372 2629 classe
1425 2571 1805 2631 Brundisium
1842 2574 2151 2644 advectus,
2192 2594 2327 2635 cum
2355 2591 2565 2657 Appium.

437 2665 708 2724 Antonio
749 2666 1037 2744 agitabat,
1081 2664 1574 2743 quemadmodum
1608 2676 2071 2745 transportarent
2100 2670 2325 2749 copias,

437 2780 512 2820 ne
551 2780 590 2819 a
629 2761 844 2821 Murco
883 2762 1317 2839 exciperentur,
1352 2761 1410 2819 in
1437 2762 1637 2822 vicina
1672 2762 1887 2832 insula,
1914 2782 2051 2821 cum
2074 2766 2327 2823 navibus
2384 2776 2603 2841 Polym.

435 2864 694 2926 eentum,
713 2855 794 2915 ad
817 2857 930 2915 hoc
955 2856 1146 2935 ipsum
1171 2856 1540 2917 excubante..
1609 2855 1875 2917 Tandem
1906 2856 2133 2927 Caesar,
2154 2878 2323 2918 orna-
2351 2840 2505 2953 {²¹32
2528 2854 2646 2889 ”¹¹¹⁸

433 2952 512 3009 tis
535 2952 946 3029 instructisque
981 2960 1266 3030 tanquam
1299 2949 1378 3009 ad
1421 2950 1684 3028 praelium
1710 2952 1981 3020 navibus,
2008 2960 2207 3030 petere
2232 2954 2323 3013 in·

432 3045 622 3111 sulam
665 3046 866 3125 coepit.
971 3046 1068 3103 At
1109 3044 1378 3113 Murcus,
1431 3064 1504 3103 ne
1547 3045 1831 3105 dimicare
1872 3045 2019 3105 locis
2060 3048 2325 3123 angustis

432 3151 760 3218 cogeretur,
785 3140 888 3199 ubi
911 3140 1048 3199 hinc
1069 3139 1330 3213 Oaesare,
1357 3139 1492 3197 inde
1514 3140 1785 3198 Antonio
1808 3141 2321 3213 circumeuntibus,
2349 3158 2565 3223 Appi-n.

432 3233 656 3296 includi
701 3244 934 3315 pooeet„
954 3234 1200 3295 dimissa
1237 3236 1418 3313 priori
1451 3235 1729 3303 statione,
1772 3235 1831 3293 in
1870 3243 2135 3312 apertum
2161 3255 2325 3297 mare

430 3340 670 3391 evectus
701 3340 810 3391 est.
893 3330 1134 3391 Interea
1157 3329 1364 3389 Caesar
1387 3330 1705 3408 occupavit
1740 3329 2023 3398 insulam3
2068 3338 2151 3401 et,
2178 3331 2323 3409 quia
2346 3350 2567 3417 Polym.

429 3426 628 3486 millus
653 3426 712 3484 in
741 3426 1069 3507 propinquo
1093 3434 1294 3505 portus
1319 3433 1469 3495 erat,
1495 3444 1671 3503 quem
1696 3434 1896 3485 tenere
1920 3424 2167 3485 Murcus
2184 3446 2319 3505 pos-

427 3528 537 3591 set,
563 3522 624 3581 in
642 3521 1308 3601 Thesprotidemcoegit
1327 3521 1735 3579 transmittere.
1820 3520 1916 3579 At
1930 3520 2035 3579 ille
2060 3522 2147 3580 sic
2172 3540 2317 3600 quo·
2346 3542 2558 3608 Appia„

432 3638 544 3696 que
569 3603 924 3679 observabat
961 3618 1278 3686 onerarias,
1315 3616 1530 3694 quibus
1563 3615 1782 3675 milites
1806 3615 1869 3672 in
1896 3614 2319 3693 Macedoniam

427 3714 912 3791 traJiciebantur:
955 3732 1292 3791 quanquam
1325 3710 1759 3771 deducerentur
1796 3731 1833 3769 a
1860 3710 2115 3771 caesaris
2150 3713 2317 3771 trire-

427 3810 638 3869 mibus.
719 3809 842 3871 Sed
894 3809 1042 3869 adeo
1085 3810 1292 3869 favens
1336 3807 1456 3869 illis
1499 3816 1707 3866 ventus
1758 3806 1891 3877 fuit,
1940 3814 2009 3863 ut
2050 3805 2323 3882 praesidio

425 3906 569 3983 nihil
635 3926 808 3984 egere
859 3905 1210 3964 viderentur.
1318 3902 1597 3961 ceterum
1648 3920 1839 3979 neque
1907 3906 2133 3976 postea,
2184 3918 2321 3981 cum

423 4011 485 4061 et
530 4021 733 4061 vacuae
777 4006 1202 4059 reverterentur
1249 3996 1659 4065 Brundisium,
1714 4002 1777 4051 et
1819 3994 2033 4051 iterum
2075 3993 2316 4073 repletae

427 4097 576 4157 alias
619 4098 820 4178 copias
864 4094 1324 4161 transveherent,
1374 4089 1807 4170 deprehendere
1858 4108 1959 4148 eas
2011 4089 2069 4147 in
2120 4109 2312 4160 cursu,

421 4193 562 4253 licet
599 4202 879 4273 expertus
917 4191 1134 4265 omnia,
1177 4188 1368 4269 potuit
1391 4208 1426 4255 ε,
1448 4186 1639 4248 donec
1683 4185 1981 4267 universus
2022 4187 2319 4249 exercitus
