3159 4959
586 438 763 505 5740

588 609 722 658 Plut.

624 675 824 722 Sueton.

594 736 723 800 Aug-
749 741 829 786 ¹⁷·

595 801 711 850 Dio.

592 887 736 950 Pigh.
758 887 893 938 Arm.

626 1149 825 1196 Sueton.

595 1212 725 1276 Aug.
748 1211 831 1258 26.

596 1275 897 1322 Oros.v1.19.

598 1339 719 1388 Dio.

632 1665 847 1729 Appian.

602 1729 711 1778 Civ.
734 1745 809 1777 iv.

601 1799 717 1843 618.

1542 453 1614 502 Τ.
1665 453 1848 501 ΙΛνΙΙ

916 605 1243 656 teranorum
1270 597 1551 666 tumultu,
1591 606 1666 655 et·
1689 597 1911 654 crebris
1935 596 2222 674 Agrippa
2261 593 2446 653 literis
2477 599 2806 660 revocatus,

918 711 991 750 ne
1011 711 1075 750 se
1100 692 1303 772 procul
1330 701 1549 762 amoto,
1574 693 1626 750 si
1651 691 1800 750 forte
1825 691 2038 750 ducem
2065 689 2338 748 idoneum
2363 697 2558 748 essent
2581 689 2806 768 adepti,

916 807 1161 866 magnas
1184 789 1389 847 turbas
1408 787 1636 858 darent,
1673 789 1731 845 in
1762 786 2007 846 Italiam
2033 785 2249 855 redire,
2292 805 2630 864 quanquam
2661 786 2806 863 hye-

918 893 1117 942 mante
1162 885 1331 953 mari,
1374 883 1694 943 constituit.
1783 883 1906 942 Sed
1951 890 2166 941 exacto
2207 882 2436 941 interim
2479 899 2660 948 anno,
2703 879 2806 958 qui

918 977 1197 1038 suffectos
1234 980 1415 1038 etiam
1452 981 1740 1050 consules,
1773 1001 1850 1042 ex
1891 976 2182 1036 Kalendis
2225 976 2380 1035 Maii
2423 975 2516 1035 Μ.
2557 973 2807 1042 Titium,

920 1093 997 1133 ex
1030 1073 1319 1134 Kalendis
1344 1075 1626 1135 Octobris
1661 1077 1775 1136 Cn.
1805 1075 2164 1154 Pompeium
2203 1073 2447 1140 babuit;
2492 1073 2810 1150 imperator

920 1169 1127 1229 Caesar
1168 1181 1441 1250 quartum
1478 1172 1850 1232 consulatum
1893 1173 2026 1230 iniit
2065 1172 2126 1229 in
2174 1169 2352 1239 Asia,
2381 1170 2556 1246 cujus
2587 1167 2680 1226 M.
2707 1167 2810 1226 Li-

920 1266 1145 1326 cinium
1184 1267 1277 1325 M.
1312 1264 1384 1325 F.
1416 1267 1694 1327 Crassum
1737 1266 2029 1344 colleg-am
2063 1265 2294 1334 habuit,
2333 1283 2671 1343 quanquam
2707 1263 2810 1322 ille

926 1361 1329 1440 Pompeianis,
1364 1363 1501 1421 dein
1532 1363 1892 1423 Antonianis
1917 1365 1976 1421 in
2003 1362 2293 1440 partibus,
2321 1359 2570 1418 necdum
2596 1370 2814 1440 praetor

924 1455 1183 1516 fuisset!

1004 1557 1105 1610 23.
1150 1551 1275 1611 Illa
1316 1572 1549 1632 quoque
1597 1555 1985 1634 peregrinatio
2027 1553 2284 1612 Caesaris
2331 1551 2573 1629 dignum
2621 1550 2810 1616 relatu

923 1647 1161 1725 pietatis
1184 1667 1257 1706 ac
1274 1649 1606 1708 clementiae
1629 1649 1968 1730 exemplum
1993 1649 2222 1708 habuit.
2277 1647 2456 1706 Forte
2481 1646 2646 1706 Sami
2670 1647 2812 1706 dum

884 1763 896 1776 ·
923 1743 1193 1824 captivos
1216 1746 1521 1821 cog-noscit
1547 1745 1771 1816 Caesar,
1815 1744 2102 1805 Metellus
2141 1745 2346 1804 adesse
2376 1747 2597 1822 jussus,
2631 1763 2810 1804 senex

787 1879 796 1888 ·
924 1838 1229 1917 squalidus
1254 1839 1706 1920 sordidatusque
1733 1843 2037 1921 processit,
2079 1842 2180 1920 qui
2211 1842 2364 1898 inter
2389 1841 2574 1899 duces
2617 1840 2813 1898 Anto-

926 1935 1133 1993 nianos
1178 1937 1237 1995 in
1283 1945 1634 2014 potestatem
1681 1947 1940 1997 venerat.
2027 1937 2132 1995 Ad
2181 1935 2242 1994 id
2291 1955 2496 1994 nomen
2541 1934 2818 1994 exsiliens

927 2029 1083 2088 filius
1115 2033 1266 2108 ejuS,
1306 2032 1409 2109 qui
1444 2041 1567 2091 tum
1595 2034 1652 2092 in
1679 2033 1926 2093 consilio
1949 2033 2217 2102 sedebat,
2257 2031 2360 2091 vix
2389 2031 2446 2090 in
2475 2031 2588 2090 ista
2613 2031 2816 2091 illuvie

926 2125 1190 2203 agnitum
1212 2136 1437 2205 patrem
1456 2127 1824 2207 complexus,
1854 2137 1872 2164 ‘
1896 2128 2070 2196 Hic,’
2097 2128 2312 2206 inquit,
2341 2135 2358 2162 ‘
2385 2125 2610 2196 Caesar,
2637 2127 2818 2186 hostis

924 2223 1037 2282 tibi
1078 2223 1257 2302 paulo
1280 2233 1437 2294 aute,
1478 2224 1784 2302 ego-mila
1819 2223 1924 2283 fui.
2009 2223 2155 2284 Non
2193 2223 2380 2301 magis
2417 2221 2521 2281 ille
2561 2243 2814 2302 poenam,

926 2337 1105 2396 quam
1132 2337 1241 2396 ego
1267 2321 1570 2397 proemium
1597 2321 1786 2378 meriti
1812 2339 2028 2378 mimus.
2099 2317 2236 2378 Aut
2259 2319 2437 2395 igitur
2463 2337 2556 2377 me
2581 2327 2818 2398 propter

926 2413 1094 2472 illum
1120 2415 1313 2474 occidi
1333 2415 1505 2492 jube,
1534 2423 1642 2474 aut
1673 2414 1842 2474 illum
1868 2423 2106 2495 propter
2139 2434 2232 2474 me
2261 2415 2480 2474 vivere.
2551 2414 2817 2494 Loquere

926 2517 1146 2579 tecum,
1180 2529 1287 2568 oro
1311 2529 1652 2589 quaesoque,
1675 2520 1761 2579 et,
1787 2521 1982 2570 utrum
2017 2510 2275 2569 moribus
2301 2510 2418 2568 tuis
2441 2511 2520 2570 sit
2541 2511 2816 2570 conveni-

928 2605 1139 2672 entius,
1157 2603 1411 2682 judica.'
1472 2605 1662 2664 Motis
1685 2605 1762 2664 ad
1781 2605 2342 2666 commiserationem
2365 2605 2653 2673 omnibus,
2681 2605 2818 2664 Cae-

830 2743 835 2748 .
928 2717 1046 2768 sar,
1073 2719 1209 2757 cum
1226 2700 1472 2778 paulum
1494 2700 1920 2770 addubitasset,
1949 2701 2396 2760 infensissimum
2419 2702 2733 2770 hominem,
2761 2711 2822 2760 et

494 3012 507 3018 -
634 2990 905 3040 strabam.

608 3069 659 3118 p.
682 3059 797 3106 637.

646 3474 815 3523 strabo

614 3508 911 3602 num-3:95.

642 3603 771 3650 Plin.

612 3681 803 3715 xxxiv.
827 3669 877 3715 8.

642 3867 839 3914 Sueton-

612 3928 744 3992 Aug.
766 3933 843 3980 1⁷.

928 2791 1112 2850 nullis
1140 2793 1671 2871 pollicitationibus
1697 2797 1777 2854 ab
1811 2795 2072 2855 Antonio
2101 2797 2324 2856 abduci
2343 2797 2595 2875 quitum,
2625 2798 2688 2856 in
2711 2796 2818 2856 filii

930 2889 1179 2966 gratiam
1205 2889 1381 2948 venia
1406 2900 1748 2969 prosecutus
1771 2901 1878 2950 est.

1006 2991 1106 3044 24.
1148 2984 1502 3064 Antiquitus
1542 2997 1660 3046 ιιι-ω
1709 2987 2010 3046 colossicae
2064 2995 2276 3046 statum
2327 2989 2384 3046 in
2435 2988 2642 3048 eadem
2695 2989 2818 3046 basi

931 3077 1097 3138 Sami
1146 3079 1399 3150 fuerant,
1444 3101 1594 3160 quas
1633 3083 1908 3162 abreptas
1953 3101 2139 3162 nuper
2177 3085 2256 3142 ab
2304 3083 2574 3142 Antonio
2605 3079 2822 3142 'Caesar

928 3174 1081 3234 inter
1118 3175 1312 3255 spolia
1352 3187 1479 3236 erat
1524 3187 1750 3236 nactus.
1837 3177 1936 3236 Ex
1984 3179 2076 3236 his
2119 3177 2449 3238 Herculem
2485 3199 2558 3237 ac
2599 3177 2824 3237 Miner-

930 3289 1069 3330 vam
1118 3273 1179 3331 in
1228 3272 1436 3331 eadem
1486 3273 1627 3332 sede
1681 3275 1910 3333 curavit
1965 3273 2371 3353 reponendos:
2428 3273 2664 3345 Jovem,
2719 3277 2820 3355 qui

933 3375 1138 3444 postea
1190 3368 1251 3426 in
1296 3368 1602 3446 Capitolio
1651 3369 1836 3439 stetit,
1891 3370 2110 3448 imponi
2159 3371 2220 3428 in
2281 3371 2578 3447 navigium
2622 3373 2819 3447 jusit.

936 3457 1107 3518 Idem
1146 3469 1208 3518 et
1243 3461 1376 3520 aliis
1410 3463 1751 3521 civitatibus
1791 3463 2028 3522 ademta
2067 3465 2145 3522 ab
2183 3466 2456 3524 Antonio
2489 3466 2656 3542 signa
2690 3467 2818 3525 red-

930 3554 1129 3615 denda
1172 3558 1440 3616 curavit:
1498 3565 1561 3616 et
1601 3558 1875 3638 Ephesiis
1914 3559 2283 3639 Apollinem,
2336 3561 2608 3641 Myronis
2649 3583 2819 3643 opus,

932 3652 1158 3710 somnio
1185 3653 1456 3711 monitus.

1012 3751 1112 3805 25.
1155 3745 1391 3806 Adulta
1419 3749 1551 3826 jam
1590 3747 1796 3826 hyems
1833 3758 1977 3808 erat.
2061 3749 2180 3810 Sed
2221 3750 2367 3811 nihil
2410 3753 2644 3812 territus
2683 3754 2818 3812 anni

934 3851 1195 3921 tempore
1222 3842 1451 3912 Caesar,
1477 3863 1814 3922 quanquam
1841 3846 1934 3904 bis
1959 3845 2112 3904 inter
2135 3847 2546 3925 trajiciendum
2575 3857 2824 3927 tempes-

934 3945 1057 3996 tate
1082 3936 1472 4008 conflictatus,
1502 3937 1681 3997 semel
1719 3939 1870 3998 inter
1895 3941 2138 4000 AEtoliae
2161 3952 2224 4001 et
2253 3943 2648 4024 Peloponnesi
2685 3963 2818 4023 pro-

935 4035 1241 4104 montoria,
1296 4035 1501 4093 iterum
1544 4033 1622 4092 ad
1667 4034 1991 4095 Ceraunios
2034 4048 2282 4108 montes,
2329 4041 2555 4099 amissis
2599 4039 2826 4117 aliquot

1494 4233 1525 4261 ⁵
1560 4231 1630 4281 A.
1653 4233 1720 4280 U.
1743 4231 1803 4282 C.
1826 4235 1940 4282 ⁸122.
2007 4233 2074 4285 Δ.
2097 4235 2157 4284 C.
2179 4240 2260 4286 3⁰.
