3159 4959
828 486 1035 539 nram
1084 480 1452 541 cxxxvii.
1500 486 2141 541 sorranus-run.
2415 473 2584 541 5881

374 620 608 716 arbores
632 620 869 714 quidem
896 634 1147 693 fructum
1176 641 1279 693 aut
1303 632 1463 711 ligna
1487 633 1862 713 praebebant:
1907 633 2260 693 bituminoso

372 730 522 803 luto,
567 731 723 811 quod
766 730 1039 791 manibus
1080 750 1472 810 compressum
1516 732 1763 800 siccant,
1805 730 1881 789 ad
1923 730 2262 809 coquendos

370 828 558 897 cibos,
583 836 645 887 et
684 825 936 887 fovenda
974 846 1221 906 corpora
1255 826 1405 904 ignis
1440 824 1730 885 alebatur.
1817 825 1892 885 In
1928 846 2144 905 magno
2177 827 2260 885 ibi

370 922 705 982 discrimine
733 921 963 980 Drusus
990 922 1124 992 fuit,
1151 940 1288 981 cum
1314 920 1594 981 recedens
1617 930 1773 982 stato
1797 930 2058 1003 tempore
2087 942 2260 983 ocea·
2286 944 2400 998 nio.

370 1038 481 1077 nus
512 1021 745 1097 ignaros
772 1019 1033 1079 locorum
1059 1019 1119 1076 in
1144 1018 1305 1077 sicco
1331 1017 1704 1077 destituisset.
1791 1018 2106 1078 Frisiorum
2144 1017 2262 1079 fide

368 1112 615 1185 factum,
652 1135 725 1174 ne
766 1113 913 1193 quid
952 1112 1285 1173 detrimenti
1334 1114 1718 1194 acciperetur,
1755 1115 1857 1193 qui
1897 1134 2079 1194 nuper
2117 1114 2264 1173 inita

367 1212 651 1271 societate
688 1230 825 1270 cum
863 1208 1231 1289 pedestribus
1264 1209 1451 1287 copiis
1488 1208 1756 1268 aderant.
1839 1209 1980 1269 Has
2004 1211 2082 1269 ob
2109 1208 2261 1269 diffi-
2329 1278 2336 1283 ,

358 1305 642 1374 cultates,
687 1324 837 1385 quas
880 1304 1223 1363 immensum
1266 1313 1511 1363 auctura
1550 1304 1854 1365 imminens
1886 1307 2019 1383 jam
2059 1306 2266 1385 hyems

358 1398 703 1469 videbatur,
732 1399 983 1470 Drusus,
1010 1400 1269 1459 reductis
1300 1400 1361 1458 in
1398 1407 1614 1481 pacata
1647 1401 1855 1481 copiis,
1884 1399 2146 1461 Romam
2167 1422 2262 1462 re·
2387 1464 2394 1473 ,

368 1494 517 1565 diitz
559 1505 959 1577 exceptusque
993 1496 1191 1558 multis
1228 1496 1565 1568 honoribus,
1593 1504 1654 1556 et
1681 1498 1742 1556 in
1770 1516 1988 1557 annum
2011 1518 2261 1578 sequen-

360 1600 489 1649 tem
513 1600 727 1671 praetor
750 1593 1005 1652 urbanus
1027 1593 1371 1672 designatus
1394 1603 1523 1653 est:
1564 1612 1703 1654 cum
1731 1602 1906 1655 autea
1928 1596 2060 1672 jam
2083 1596 2262 1673 insig-

353 1688 468 1747 ·uia
496 1689 767 1768 praetoria
795 1688 1135 1769 accepisset.

446 1790 507 1844 9.
549 1784 633 1850 Q.
668 1783 882 1845 deinde
916 1784 1079 1845 AElio
1116 1785 1197 1853 Q.
1230 1785 1300 1845 F.
1324 1785 1663 1859 Tuberone,
1691 1786 1918 1847 Paullo
1955 1786 2146 1847 Fabio
2174 1788 2258 1854 Q.
2350 1810 2356 1815 ¹

369 1878 441 1939 F.
472 1880 749 1941 Maximo
784 1881 1178 1952 consulibus?
1216 1882 1372 1942 idem
1404 1883 1658 1955 Drusus,
1684 1883 1860 1943 simul
1897 1902 2002 1963 per
2029 1891 2266 1963 tempus

362 1976 505 2035 anni
530 1978 745 2055 potuit,
766 1974 988 2035 Rheno
1011 1977 1221 2039 iterum
1254 1988 1549 2057 superato,
1575 1980 1635 2037 in
1665 1978 1948 2057 Usipetes
1971 1986 2032 2037 et
2066 1977 2260 2039 Tenc·
2287 1998 2410 2055 nor.
2421 2018 2493 2055 Π,
2503 2007 2584 2059 12,

364 2080 523 2132 teros
564 2072 872 2151 ingressus,
919 2092 1035 2133 non
1078 2081 1215 2134 ante
1252 2074 1502 2145 destitit,
1540 2092 1744 2155 quam,
1787 2074 1979 2155 posita
2017 2072 2260 2145 ferocia,
2283 2066 2401 2119 ¹³³⁰·

366 2168 531 2249 leges
574 2170 739 2249 pacis
777 2170 1135 2249 acciperent.
1230 2169 1423 2250 Lupia
1460 2167 1675 2230 deinde
1715 2170 1992 2250 pontibus
2023 2172 2261 2248 juncto,

366 2284 473 2345 per
518 2263 855 2324 Sicambros
895 2262 974 2325 ad
991 2264 1441 2326 ‘Cheruscorum
1472 2264 1622 2325 fines
1657 2276 1718 2325 et
1753 2265 2034 2344 Visurgin
2076 2286 2260 2345 nsque

365 2360 662 2439 processit.
748 2358 1042 2419 Sicambri
1077 2369 1201 2421 tum
1234 2360 1387 2421 forte
1423 2380 1561 2423 cum
1585 2362 1852 2421 omnibus
1874 2361 2062 2441 copiis
2085 2360 2261 2423 domo

368 2454 635 2526 aberant,
680 2455 878 2515 Cattis
926 2454 1241 2517 inferentes
1282 2456 1531 2527 bellum,
1577 2457 1681 2537 qui
1723 2456 1834 2517 soli
1877 2454 2260 2528 finitimorum

358 2551 711 2611 societatem
750 2550 981 2611 illorum
1024 2553 1320 2631 aspernati
1354 2551 1608 2613 fuerant.
1693 2552 1854 2613 Haec
1891 2552 2126 2613 occasio
2154 2572 2259 2631 pae

366 2657 565 2709 catum
594 2647 791 2707 Druso
816 2648 1125 2708 transitum
1149 2648 1331 2709 dedit.
1418 2648 1757 2730 Superabat
1780 2658 1844 2708 et
1865 2648 2171 2726 Visurgin,
2199 2650 2261 2707 ni

362 2762 539 2824 super
573 2744 1025 2803 necessariorum
1060 2744 1341 2824 inopiam,
1368 2743 1575 2827 hyems
1606 2745 1940 2825 propinqua
1964 2744 2258 2804 vetuisset.

368 2838 571 2899 Etiam
604 2840 809 2918 religio
850 2842 1073 2919 injecta
1110 2840 1364 2901 reditum
1398 2842 1604 2913 suasit,
1632 2842 1774 2920 quia
1799 2842 1858 2899 in
1883 2840 2092 2900 castris
2116 2860 2261 2901 exa-

354 2952 500 2995 ·men
538 2954 714 3014 apum
754 2936 813 2993 in
848 2937 1231 2997 tabernaculo
1270 2936 1525 2996 Hostilii
1560 2936 1710 2995 Rufi
1741 2936 2008 3015 praefecti
2040 2944 2262 2997 castro—
2285 2958 2584 3024 sabota-oq.

368 3048 496 3089 rum
520 3030 884 3100 consederat,
910 3032 997 3089 ita
1020 3040 1091 3089 ut
1112 3030 1307 3090 funem
1334 3030 1812 3111 praetendentem,
1841 3031 2262 3114 praefixumque

367 3126 622 3185 tentorio
648 3124 915 3184 lanceam
942 3124 1408 3206 amplecteretur.

446 3226 547 3281 1⁰.
592 3220 713 3280 Sed
748 3220 1046 3283 recedenti
1083 3242 1201 3281 non
1226 3218 1437 3281 eadem
1464 3242 1503 3279 a
1527 3220 1847 3281 Germanis
1871 3222 2058 3301 quies,
2083 3242 2262 3304 quam
2287 3251 2402 3301 Dio.

366 3318 621 3379 venienti
647 3317 865 3390 fuerat,
889 3317 1024 3379 fuit.
1109 3317 1315 3378 Exciti
1344 3316 1758 3379 Romanorum
1783 3316 2102 3403 irruptione
2127 3340 2262 3401 pas-
2284 3349 2587 3417 Juhom·

364 3416 478 3474 sim
502 3415 651 3475 locis
675 3412 901 3475 idoneis
926 3413 1167 3474 insidias
1188 3412 1565 3474 redeuntibus
1580 3423 1938 3489 struxerant,
1959 3426 2026 3477 ut
2049 3436 2266 3496 magna
2286 3412 2400 3465 ¹³5⁰·

364 3528 503 3571 cum
535 3510 884 3571 difficultate
922 3518 1247 3591 pergerent.
1330 3511 1531 3573 Semel
1564 3513 1724 3573 circa
1758 3512 2130 3578 Arbalonem
2157 3534 2264 3595 per
2288 3536 2582 3593 lexrdv.

370 3614 621 3683 angusta
653 3614 715 3667 et
746 3624 901 3668 cava
932 3606 1067 3667 loca
1098 3608 1417 3688 progressis
1451 3628 1659 3689 parum
1696 3610 1774 3669 ab
1805 3610 1992 3671 exitio
2026 3630 2120 3670 res
2153 3612 2260 3671 ab·
2284 3605 2402 3655 Dio.

364 3700 483 3760 fuit
505 3722 523 3759 :
574 3702 875 3781 magisque
924 3704 1179 3763 bostium
1227 3703 1628 3784 imprudentia
1671 3724 1851 3785 quam
1894 3707 2110 3766 virtute
2153 3723 2262 3767 sua

364 3798 583 3857 servati
616 3806 768 3857 sunt.
851 3797 1093 3878 Quippe
1127 3798 1362 3859 facilem
1392 3800 1469 3859 de
1502 3800 1916 3861 circumventis
1951 3802 2260 3861 victoriam

366 3894 503 3964 rati,
540 3892 869 3973 cupiditate
907 3893 1155 3952 caedium
1196 3894 1527 3974 proedoeque
1561 3896 1734 3957 simul
1768 3916 1968 3957 omnes
2006 3898 2264 3958 confusis

368 3989 671 4049 ordinibus
695 3989 1079 4047 incurrerunt.
1161 3986 1314 4049 Inde
1340 3988 1634 4051 Romanis
1655 4011 1731 4051 ex
1759 3993 1972 4053 minaci
1998 4002 2062 4053 et
2086 3994 2264 4074 plena

370 4084 613 4165 periculi
656 4103 861 4165 pugna
892 4084 1280 4164 prosperrima
1316 4084 1501 4145 facta.
1566 4084 1724 4147 ⁸Nec
1761 4087 1982 4148 exinde
2023 4106 2260 4151 manum

962 4289 989 4313 ⁶
1020 4288 1084 4340 Α.
1103 4290 1170 4343 U.
1196 4289 1256 4342 C.
1284 4294 1400 4341 741.
1468 4290 1614 4341 Asc.
1647 4288 1728 4343 1³1.

502 4370 675 4435 Delph.
692 4376 741 4421 et
768 4370 881 4423 ναν.
902 4371 1031 4421 Clas.
1362 4370 1547 4427 Livias.
2317 4386 2372 4431 17
2413 4382 2456 4432 E.
