3159 4959
892 442 1094 492 maru
1146 442 1450 493 cxxvii.
1499 444 2149 497 surranum-irum.
2458 431 2637 499 5⁶97

410 592 614 645 causa,
641 574 1058 655 appellaverat.
1145 576 1241 637 Ea
1275 580 1633 639 contumelia
1672 580 2073 660 maximopere
2098 600 2305 640 accen·

412 670 504 729 dit
543 671 972 731 adolescentem
1017 673 1364 733 irritabilem
1405 683 1468 734 et
1507 675 1810 746 stolidum,
1840 676 1941 755 qui
1975 696 2037 735 se
2066 676 2307 735 Parthi·
2366 692 2494 745 Plut.
2526 694 2633 743 An-

407 788 546 827 cum
603 770 1014 847 imperatorem
1077 768 1332 839 ferebat,
1391 772 1651 831 moribus
1712 772 2004 832 Romanis
2056 772 2307 832 multum
2334 766 2436 869 “K'‘
2486 823 2496 833 .

410 862 780 944 discrepante
806 864 1018 925 titulo:
1061 866 1212 925 talia
1233 867 1390 926 enim
1431 878 1823 945 cognomenta
1860 869 2308 948 imperatoribus
2329 837 2579 961 Parl’fllm‘

409 978 450 1019 a
481 960 846 1019 devictarum
887 963 1150 1038 gentium
1193 962 1598 1041 appellatione
1642 964 1825 1021 tribui
1864 976 2305 1025 consueverant.
2333 949 2451 999 ⁰²⁰·

409 1055 504 1114 At
527 1055 966 1115 Stratoniceam
999 1056 1058 1117 in
1091 1058 1420 1137 propinquo
1451 1060 1649 1129 sitam,
1676 1078 1788 1117 nec
1830 1061 2057 1138 impetu
2096 1080 2305 1141 capere
2412 1090 2419 1099 ·

405 1150 730 1221 Labienus,
783 1171 975 1231 neque
1025 1151 1266 1212 domare
1315 1154 1493 1231 longa
1545 1162 1611 1213 et
1658 1154 1957 1213 laboriosa
2002 1154 2306 1217 obsidione

408 1250 622 1327 potuit.
708 1248 910 1307 Etiam
965 1247 1306 1327 praedonum
1353 1249 1609 1309 audacia
1676 1250 2001 1311 Labienum
2064 1251 2309 1313 involvit
2364 1256 2553 1317 Strabo,

403 1342 882 1414 difficultatibus,
907 1363 1046 1403 cum
1069 1364 1108 1403 a
1131 1345 1387 1405 ducibus
1427 1344 1723 1405 Romanis
1746 1348 2068 1407 timeretur.
2154 1347 2307 1409 Cleo
2330 1336 2431 1374 ¹¹¹·
2450 1336 2500 1385 Ρ·
2516 1324 2631 1371 ⁶⁷⁴⁰

401 1446 568 1499 eei-te
607 1438 1140 1511 Gordiocomensis,
1179 1440 1466 1521 Callydio
1505 1450 1819 1522 occupato,
1856 1442 2135 1523 Pbrygiae
2172 1464 2303 1505 cas-

403 1533 575 1605 tello,
605 1537 914 1615 pecuniam
951 1537 1370 1615 colligentibus
1403 1538 1751 1598 imminebat
1784 1540 2022 1611 acriter,
2050 1560 2303 1620 appara-

405 1636 614 1709 tusque
641 1632 962 1691 Parthicos
982 1631 1374 1693 disturbabat.
2278 1649 2285 1657 '

489 1732 584 1785 16.
629 1725 754 1786 Sed
793 1728 922 1787 hoec
962 1747 1171 1807 parum
1209 1729 1288 1788 ad
1330 1748 1619 1789 summam
1660 1730 2003 1811 proderant,
2034 1733 2298 1802 absente,

295 1888 300 1895 ¹
400 1842 582 1901 peuoe
621 1842 796 1901 quem
839 1822 1154 1903 plurimum
1197 1834 1324 1885 erat
1365 1828 1669 1905 potentiae,
1699 1826 2004 1894 Antonio;
2049 1830 2151 1906 qui
2180 1829 2300 1887 sol·-
2358 1840 2569 1917 appiani.

403 1936 546 1977 vens
567 1938 606 1977 a
633 1919 896 1997 Corcyra
927 1939 1064 1979 cum
1105 1919 1292 1979 classe
1315 1919 1699 1981 ducentarum
1727 1923 1969 1983 navium
2006 1942 2111 2000 per
2134 1921 2301 1982 Ioni·-
2326 1904 2433 1955 αι’·
2461 1920 2511 1955 v.

403 2034 502 2071 um
528 2034 686 2073 mare
710 2015 849 2075 vela
868 2014 1150 2085 faciebat,
1178 2016 1281 2075 ubi
1307 2017 1550 2076 obvium
1569 2014 2041 2077 Ahenobarbum
2066 2019 2298 2089 babuit,

401 2110 658 2187 majores
683 2110 994 2188 aliquanto
1015 2111 1222 2189 copias
1239 2109 1572 2171 ducentem.
1658 2110 1811 2170 Inde
1837 2120 2025 2171 metus
2050 2114 2299 2171 nonnul-

399 2202 495 2274 lis,
523 2224 600 2263 ne
616 2205 858 2283 juvenis
882 2204 1076 2276 ferox,
1103 2213 1168 2263 et
1191 2206 1579 2285 proscriptum
1606 2226 1669 2264 se
1694 2207 1907 2275 sciens,
1933 2216 2089 2265 stare
2114 2210 2302 2287 pactis

397 2298 726 2359 dubitaret.
809 2297 952 2359 Nec
991 2320 1064 2359 eo
1106 2301 1298 2359 minus
1336 2300 1610 2379 subsequi
1640 2302 1825 2377 jussis
1862 2299 2122 2379 reliquis,
2164 2322 2297 2361 cum

389 2394 860 2457 instructissimis
891 2396 1150 2475 quinque
1191 2396 1440 2455 navibus
1467 2396 1772 2455 Antonius
1798 2397 2116 2476 pergebat3
2162 2418 2297 2459 cum

395 2492 672 2551 universa
699 2489 950 2549 Domitii
977 2491 1166 2549 classe
1189 2498 1530 2569 conspecta,
1559 2490 1629 2550 L.
1660 2490 1951 2561 Plancus,
1972 2494 2073 2571 qui
2100 2514 2296 2553 comes

393 2585 606 2645 aderat
643 2585 938 2655 Antonio,
977 2584 1388 2646 remittendum
1432 2584 1509 2645 de
1551 2606 1723 2645 cursu
1765 2587 2013 2657 censuit,
2058 2597 2289 2649 tentan-

391 2680 650 2761 damque
690 2682 850 2761 prius
883 2698 990 2761 per
1015 2679 1162 2741 alios
1185 2680 1430 2741 dubiam
1457 2683 1566 2740 viri
1594 2680 1793 2742 fidem.
1878 2681 2001 2742 Sed
2028 2683 2291 2744 Antoni-

394 2799 466 2839 us
505 2788 522 2813 ⁶
541 2776 722 2839 malle
764 2798 842 2837 se.
871 2778 1020 2837 mori
1054 2776 1371 2858 deceptum
1418 2779 1814 2857 pactionibus,
1856 2798 2036 2857 quam
2081 2783 2289 2841 timore

393 2873 898 2935 coufcoeoservari
915 2874 934 2901 '
972 2880 1220 2933 testatus
1253 2882 1360 2932 est.
1447 2872 1574 2932 Ubi
1614 2883 2013 2932 convenerunt
2048 2875 2285 2947 classes,

395 2970 614 3048 primus
652 2952 832 3029 lictor
848 2968 1100 3029 Antonii
1141 2976 1302 3027 stans
1341 2968 1400 3025 in
1443 2988 1639 3047 prora,
1672 2966 2048 3028 Domitianos
2086 2969 2283 3049 aplus—

389 3066 508 3125 tria
531 3065 834 3125 detrahere
865 3064 1066 3141 jussit,
1089 3082 1272 3142 quam
1313 3064 1652 3122 reverentiae
1692 3065 1945 3142 speciem
1984 3064 2287 3125 inferiores

389 3160 672 3221 exhibere
696 3160 1122 3240 potentioribus
1147 3158 1354 3218 solent.
1438 3158 1625 3223 Quod
1652 3158 1755 3217 ubi
1796 3160 2283 3237 promte‘factum

383 3265 504 3327 est,
535 3258 879 3335 junctisque
920 3255 1174 3332 navigiis
1209 3253 1540 3313 salutarunt
1576 3254 1853 3323 invicem,
1880 3262 1943 3311 et
1966 3255 2043 3313 ab
2072 3254 2283 3314 Domi-

388 3353 566 3412 tianis
591 3352 894 3411 Antonius
931 3354 1250 3431 imperator
1287 3350 1649 3411 acclamatus
1684 3359 1795 3421 est,
1821 3351 1924 3411 vix
1964 3351 2281 3431 recipiente

387 3448 648 3507 animum
693 3448 951 3518 Planco,
1005 3446 1334 3507 Domitium
1377 3444 1683 3505 Antonius
1724 3466 1891 3507 suam
1952 3448 2013 3506 in
2069 3468 2279 3509 navem

385 3545 654 3623 accepit:
697 3564 928 3623 unaque
972 3544 1274 3604 Paloiinta
1327 3541 1667 3620 (Valetium
1724 3542 1901 3603 fuisse
1941 3545 2277 3624 suspicaba·
2334 3575 2604 3627 matun,

389 3659 519 3698 mur
533 3642 584 3717 ‘)
623 3650 1044 3721 processerunt,
1069 3640 1170 3699 ubi
1192 3648 1387 3700 castra
1415 3639 1763 3700 Domitiana
1785 3650 1969 3700 erant.
2056 3640 2277 3701 Cessit·
2300 3642 2605 3769 ἓξζίἑζοιθ.

449 3878 720 3929 ‘Paresaca
744 3876 1175 3943 (Valetismsaim
1193 3892 1294 3925 aas·
1363 3891 1451 3926 sar
1467 3876 1889 3935 memoral,Civil.
1906 3875 2040 3924 Lm.
2056 3888 2102 3923 c.
2127 3880 2171 3924 6.
2200 3877 2273 3924 ni·

381 3945 710 4009 ficemur->J
725 3943 858 3993 Hoec
877 3942 1182 4005 conjectura
1207 3956 1292 4003 pa·
1361 3941 1436 3989 bil
1457 3948 1603 3989 vetat
1620 3940 1687 3988 de
1709 3941 1804 3990 boc
1822 3940 2004 3989 eodem
2025 3940 2143 3989 loco
2166 3939 2273 4005 Ap-

383 4024 496 4059 rum
541 4010 688 4057 nobis
743 4006 1017 4057 commoda
1070 4005 1294 4055 videtur.
1363 4005 1572 4067 pianum
1610 4004 1849 4065 intelligi.
1930 4003 2207 4066 Antonius,-
2241 4019 2275 4055 ι

383 4074 638 4135 Polybius
665 4074 697 4121 l.
724 4085 780 4121 v.
806 4088 853 4120 c.
884 4077 933 4121 5.
970 4070 1204 4119 nominat
1237 4071 1292 4119 iu
1363 4068 1591 4145 Corcyra
1614 4066 1901 4130 profectus,
1920 4068 1971 4116 in
1996 4069 2131 4117 bunc
2156 4084 2272 4132 por.

378 4138 590 4195 ‚Graecia
608 4136 830 4187 Palunta
851 4134 1053 4195 urbem,
1087 4148 1204 4197 quae
1246 4134 1292 4181 si
1363 4140 1472 4181 tum
1495 4146 1546 4181 m
1568 4146 1661 4181 ora
1683 4132 1879 4196 Illyrici
1902 4132 2077 4188 situm,
2105 4132 2273 4185 diver·

382 4201 562 4251 eadem
589 4216 702 4249 esse
726 4200 973 4250 credatur
993 4212 1108 4247 cum
1135 4205 1290 4262 portu
1363 4204 1474 4247 tere
1500 4197 1688 4258 potuit.
1722 4197 1859 4247 unde
1895 4197 2062 4249 brevis
2086 4200 2272 4264 trajec-

381 4266 628 4331 Palaeste‚
659 4280 759 4330 quo
798 4279 854 4314 se
887 4263 1150 4330 appulisse
1177 4262 1290 4313 Cae·
1361 4270 1443 4313 tus
1465 4261 1799 4333 Brundisium
1822 4272 1919 4313 est.
1957 4264 2095 4315 Cres.
