3159 4959
903 350 1106 399 unm
1155 350 1454 399 cxxvii.
1498 350 2147 403 susannam-uu.
2456 340 2633 408 ⁵613

405 502 512 552 ret
544 501 742 551 tamen
777 488 1102 570 proximum
1143 491 1205 549 in
1239 490 1685 569 quadriennium
1726 491 2007 551 mansisse
2050 490 2313 571 collegia

415 588 750 657 consulum,
787 584 990 665 qualia
1029 586 1208 667 paulo
1253 596 1390 646 ante
1429 588 1739 666 designata
1778 586 1995 649 Roma
2044 585 2309 647 fuerant:

421 683 720 763 Pompeio
741 700 978 759 quoque
1001 681 1394 750 consulatum,
1419 692 1482 741 et
1507 682 1777 741 Antonio
1808 684 2045 743 tertium
2072 684 2309 763 peri-e,

417 778 683 837 hostibus
707 776 798 835 his
823 777 1052 835 interim
1067 776 1374 853 judicatis.

495 879 596 931 42.
641 871 764 930 His
807 872 892 930 ita
933 871 1272 950 compositis
1321 871 1653 950 Pompeius
1691 872 1751 929 in
1800 870 2067 931 Siciliam
2110 872 2309 945 rediit,
2364 894 2497 947 Plut.
2522 895 2632 960 Ap.

415 966 616 1025 Caesur
653 976 717 1026 et
747 966 1048 1027 Antonius
1083 964 1368 1034 Romam,
1411 985 1629 1043 magna
1652 966 1831 1025 totius
1856 963 2055 1025 Italiae
2082 966 2309 1040 laetitiu,
2331 958 2461 1025 pin.

409 1064 507 1121 cui
533 1081 656 1141 pax
675 1062 806 1120 haee
829 1061 1214 1141 plurimorum
1247 1060 1536 1119 mulorum
1575 1060 1845 1119 attulisse
1880 1078 2121 1140 pausam
2136 1061 2309 1122 'vide-

411 1159 605 1217 batur.
693 1156 886 1235 Igitur
923 1154 1394 1235 imperatoribus,
1425 1175 1797 1234 quacumque
1822 1156 2153 1225 transirent,
2181 1165 2312 1217 tan·

407 1272 594 1332 quam
637 1250 1028 1310 servatoribus
1076 1251 1326 1309 honores
1367 1250 1532 1308 nimii
1583 1250 1987 1309 habebuntur:
2029 1258 2312 1330 erantque

410 1347 634 1405 Romae
660 1353 992 1425 praeparata
1013 1345 1234 1415 omniu,
1257 1352 1324 1403 ut
1345 1362 1524 1421 quam
1551 1342 2119 1422 magnificentissime
2144 1347 2309 1405 exci-

405 1450 698 1522 perentur.
782 1441 878 1499 At
913 1440 1023 1509 illi,
1059 1440 1302 1499 dubium
1341 1440 1663 1518 impensam
1702 1458 1776 1499 un
1804 1439 2085 1499 invidiam
2111 1440 2307 1499 vitan-

401 1548 517 1607 tes,
543 1547 716 1597 noctu
745 1536 1144 1595 introiverunt.
1229 1533 1370 1594 Nec
1401 1544 1529 1594 erat
1562 1535 1877 1613 quisquam
1912 1554 2127 1614 expers
2152 1534 2307 1596 leti-

403 1635 526 1701 tiae,
568 1640 780 1712 praeter
823 1650 924 1689 eos
957 1630 1060 1709 qui
1100 1631 1260 1689 boun
1291 1628 1675 1709 possidebant
1702 1628 2113 1689 redeuntium:
2157 1638 2307 1709 quos

408 1729 612 1806 utique
637 1727 861 1786 vicinos
887 1726 1117 1803 iniquos
1145 1725 1426 1795 habituri,
1453 1734 1536 1794 et,
1573 1726 1625 1783 si
1648 1744 1821 1784 cusus
1842 1723 2037 1794 daret,
2064 1726 2309 1784 acerbos

407 1824 676 1882 inimicos
695 1822 1068 1883 videbantur.
1138 1822 1358 1882 Cetero
1384 1822 1607 1902 populo
1622 1820 2121 1899 jucundissimum
2138 1840 2305 1899 spec-

401 1919 664 1979 taculum
687 1918 822 1989 fuit,
849 1926 942 1977 tot
967 1916 1224 1978 illustres
1249 1917 1362 1975 viri
1405 1919 1615 1995 patriae
1656 1916 1896 1975 redditi.
1981 1914 2150 1974 Nam
2176 1914 2303 1994 ple-

405 2014 572 2092 rique
611 2034 814 2073 omnes
852 2014 956 2091 qui
985 2033 1121 2072 cum
1161 2012 1352 2071 Sexto
1377 2010 1633 2081 fuerant,
1666 2010 1932 2089 exceptis
1966 2010 2195 2089 paucis,
2230 2030 2305 2068 eo

407 2108 682 2167 Puteolis
701 2107 960 2167 salutato
987 2105 1250 2165 Romam
1275 2106 1651 2183 navigarunt,
1688 2104 2027 2181 magnisque
2064 2111 2127 2161 et
2150 2102 2303 2161 loetis

403 2205 701 2263 homiuum
737 2202 1098 2261 clamoribus
1133 2201 1366 2279 accepti
1403 2210 1554 2258 sunt.
1642 2198 1719 2257 In
1756 2198 1848 2255 his
1886 2196 1956 2255 L.
1982 2194 2305 2255 Arruntius
2324 2212 2456 2264 ven,

401 2297 539 2368 fuit,
577 2306 642 2356 et
677 2297 770 2355 M.
807 2295 847 2354 J
853 2296 1024 2353 unius
1061 2294 1322 2363 Silanus,
1349 2302 1411 2351 et
1449 2292 1522 2351 G.
1569 2291 1808 2351 Sentius
1848 2290 2215 2360 Saturninus,
2243 2299 2306 2350 et

406 2392 501 2450 M.
547 2392 760 2460 Titius,
801 2408 1002 2448 omnes
1043 2396 1250 2467 postea
1283 2387 1524 2447 summis
1557 2388 1667 2445 sub
1714 2385 1953 2445 Caessre
1986 2385 2303 2445 honoribus

401 2506 514 2549 usi.

479 2588 580 2640 43.
623 2579 1114 2657 conjunctissime
1154 2578 1266 2636 sub
1307 2576 1370 2635 id
1405 2587 1639 2658 tempus
1669 2577 1971 2636 Antonius
1997 2586 2061 2636 et
2096 2578 2299 2637 Coesar
2350 2597 2483 2647 Plut.
2534 2602 2589 2646 et

403 2678 680 2755 agebant,
709 2672 1012 2752 multaque
1029 2674 1468 2732 constituebant
1487 2681 1553 2731 et
1573 2672 1973 2732 decernebant
1992 2672 2297 2733 concordi·
2318 2660 2535 2772 *ἐφ’

399 2784 490 2833 ter
531 2774 592 2831 in
625 2772 803 2829 rebus
845 2770 1138 2829 maximis.
1221 2766 1346 2827 Sed
1385 2767 1693 2827 familiaris
1730 2767 2111 2837 consuetudo,
2150 2768 2295 2828 dum
2470 2756 2487 2773 ⁰

401 2871 552 2928 inter
573 2865 1002 2925 relaxationem
1027 2865 1354 2922 animorum
1373 2862 2063 2921 ludicris'certaminibus
2086 2862 2295 2921 transi-

399 2971 545 3041 gunt
581 2970 834 3039 tempus,
867 2978 1096 3038 semper
1125 2959 1347 3037 priores
1384 2956 1607 3015 ferente
1651 2956 1911 3025 Caesare,
1950 2954 2077 3015 fieri
2116 2956 2297 3036 coepit

399 3056 670 3117 Antonio
729 3052 1121 3132 injucundior.
1204 3051 1346 3110 Sive
1391 3052 1546 3111 enim
1588 3050 1781 3109 aleam
1833 3048 2123 3119 luderent,
2168 3051 2293 3109 sive

395 3152 832 3212 committerent
868 3147 1058 3226 gallos
1094 3155 1200 3205 sut
1230 3148 1582 3215 commines,
1611 3144 1849 3204 inferior
1887 3143 1991 3201 ille
2024 3142 2290 3203 discede·

395 3249 520 3309 bat.
603 3245 798 3323 Igitur
836 3245 1102 3324 praebere
1137 3260 1306 3301 aures
1343 3240 1582 3299 cuidam
1618 3238 1906 3317 AEgyptio
1942 3236 2063 3298 vati
2092 3238 2291 3317 coepit,

396 3349 500 3425 qui
543 3348 666 3406 sive
712 3346 772 3403 in
821 3344 1161 3423 Cleopatroe
1196 3342 1466 3419 gratim,
1513 3340 1637 3399 sive
1680 3357 1985 3418 persuasus
2018 3338 2106 3397 ita
2140 3356 2288 3409 esse,

393 3442 642 3511 monuit,
667 3451 685 3476 ‘
709 3440 944 3518 genium
979 3440 1107 3516 ejus
1149 3456 1254 3516 per
1288 3456 1350 3495 se
1390 3434 1666 3513 grandem
1704 3453 1777 3493 ae
1816 3432 2213 3511 magnificum,
2250 3454 2289 3493 a

393 3538 570 3616 genio
595 3535 874 3605 Caesaris,
897 3534 1132 3613 quoties
1154 3552 1272 3591 una
1298 3540 1558 3609 agerent,
1586 3526 2019 3609 quodammodo
2044 3529 2105 3587 in
2130 3526 2285 3587 ordi-

391 3650 532 3689 nem
559 3631 734 3708 cogi?
815 3629 899 3688 Et
921 3626 1222 3709 profectus
1243 3635 1334 3686 est
1359 3626 1418 3684 iu
1449 3624 1777 3694 Graeci'am,
1804 3622 2065 3683 abducta
2085 3628 2283 3683 secum
2308 3648 2428 3697 Dio,

393 3726 674 3795 Octavia,
725 3744 860 3803 quae
905 3742 1089 3802 nuper
1135 3720 1379 3780 filiolam
1424 3740 1502 3778 ex
1559 3717 1857 3797 Marcello
1874 3721 1890 3753 ⁸
1938 3724 2282 3795 pepererat:
2310 3709 2552 3823 cfvppzffl·

453 3926 470 3955 ·
501 3923 724 3973 Filiola-
743 3936 810 3971 es.-
825 3918 1082 3979 Murano]
1113 3916 1172 3967 Si
1201 3916 1308 3979 qui·
1365 3912 1540 3963 filiolae
1558 3920 1697 3975 ortu,
1712 3926 1823 3961 eum
1844 3926 1909 3961 ex
1929 3908 2152 3959 Antonio
2174 3922 2282 3957 sus·

387 3986 510 4035 dem
543 3986 760 4049 gravida
796 3984 996 4046 nupsit,
1023 3991 1082 4031 ut
1116 3981 1312 4029 dictum
1364 3984 1576 4039 ceptam
1610 3975 1775 4025 fuisse
1806 3974 2005 4034 innuit3
2034 3970 2283 4033 θυγατρίου

387 4056 472 4098 est
495 4064 670 4113 supra,
693 4063 742 4099 e.
763 4051 848 4097 Μ.
873 4053 1089 4095 anctore
1123 4044 1310 4093 Dione.
1361 4038 1621 4102 γεγονότος
1642 4039 1816 4101 αὐτοῖς,
1849 4037 2075 4088 Antonio
2096 4046 2151 4087 et
2172 4036 2279 4087 Oc·

388 4112 536 4164 Plut.
577 4122 750 4165 tamen
793 4114 1007 4175 loquens
1048 4107 1116 4156 de
1163 4106 1314 4168 hujus
1368 4105 1538 4154 tsviae.
1575 4105 1717 4152 Creo.
