3159 4959
854 434 1061 482 usai
1112 432 1437 482 cxxxii:
1476 433 1817 483 sunnam
1833 435 2119 484 aurun.
2425 419 2602 484 5⁷17

380 575 586 657 proelio
611 575 847 635 infierior
869 575 1237 646 discesserat,
1264 577 1455 637 vitais
1498 577 2006 656 propinquitatem·
2020 575 2276 636 hostium
2300 585 2421 636 Dio.
2436 587 2576 636 010⁸.

378 680 671 741 coactum,
700 679 833 750 post
870 671 1040 730 unius
1072 671 1240 731 bidui
1264 691 1501 730 moram
1539 673 1770 748 majora
1807 680 2000 731 castra
2029 689 2275 750 anceps,-
2301 683 2415 734 Dio.

383 775 537 827 runt.

458 869 557 923 33.
602 863 703 923 Ibi
732 883 869 923 cum
900 864 1079 923 etiam
1106 863 1369 944 inopiam
1397 866 1690 940 timerent,
1717 863 1793 922 de
1817 864 2044 923 ratione
2069 883 2274 942 geren-

376 959 438 1019 di
465 980 635 1039 porro
660 959 805 1020 belli
828 960 1243 1024 consultatum,
1264 969 1372 1018 est.
1458 959 1618 1018 Cum
1647 960 1938 1019 variatum
1975 960 2276 1019 sententiis

374 1063 551 1125 esset,
578 1055 761 1136 vicit,
776 1065 845 1115 ut
868 1075 1117 1136 semper,
1144 1053 1302 1134 apud
1329 1054 1662 1113 Antonium
1701 1053 2048 1134 Cleopatra,
2076 1055 2275 1134 praesi»

372 1149 487 1211 diis
520 1151 743 1212 firmari
770 1151 1516 1232 jubens.opportunissima
1550 1149 1834 1222 locorum,
1861 1159 1924 1210 et
1958 1149 2273 1231 in‚AEgyp—

374 1256 499 1307 tum
534 1267 717 1308 naves
738 1248 1091 1326 .militesque
1134 1246 1507 1316 reduci,“ubi.
1533 1247 1734 1306 omnia
1767 1267 1871 1326 pro
1909 1247 2050 1327 ipsis
2085 1255 2275 1306 essent

372 1343 653 1403 habituri.
724 1341 1007 1420 Ceterum
1034 1341 1111 1402 ad
1138 1343 1251 1401 hoc
1276 1342 1585 1402 eonsilium
1605 1361 1720 1402 non
1744 1342 2272 1427 muliebri—tantum

373 1439 583 1498 timore
608 1437 857 1517 delapsa
880 1445 1029 1507 erat,
1058 1437 1162 1496 sed
1190 1437 1371 1496 etiam
1406 1437 1626 1514 injecta
1657 1437 2046 1516 frequentium
2073 1437 2270 1518 prodi-
2325 1441 2456 1490 ΡΜ·

372 1534 599 1613 giorum
634 1553 809 1592 cura:
868 1532 1031 1612 quod
1072 1533 1131 1591 in
1174 1532 1447 1611 praetoria
1482 1551 1590 1591 sua
1627 1533 1783 1604 navi,
1811 1551 1990 1612 quam
2015 1533 2276 1593 vocabat
2295 1505 2483 1618 ssss‘fn‘
2513 1515 2566 1556 ⁸²

374 1627 749 1699 Antoniada,
790 1648 927 1688 cum
972 1626 1313 1687 hirundines
1356 1628 1559 1687 nidum
1605 1629 1714 1687 sub
1754 1647 1942 1707 prora,
1972 1627 2270 1698 fecissent,

368 1723 511 1783 *aliae
550 1723 1027 1804 supervenientes
1064 1731 1129 1782 et
1162 1723 1271 1782 has
1306 1722 1680 1802 expulerant,
1725 1731 1787 1782 et
1825 1721 2022 1802 pullos
2067 1742 2268 1782 earum

373 1818 829 1899 discerpserant3
883 1827 947 1877 et
984 1826 1209 1877 statuas
1252 1816 1595 1898 Cleopatrae
1643 1817 1908 1877 Dearum
1923 1818 2270 1894 ,insignibus
2294 1829 2408 1881 Dio.

375 1913 686 1974 adornatas
722 1913 944 1972 fulmen
980 1912 1299 1991 dejecerat.
1386 1912 1555 1972 Hinc
1591 1913 1698 1972 ina
1722 1911 1992 1972 diffidens
2017 1931 2268 1991 praesen:

372 2010 555 2081 tibus,
579 2008 913 2069 Antonium
950 2028 1187 2089 quoque
1228 2008 1319 2066 sui
1356 2010 1592 2067 terroris
1629 2009 1918 2088 implevit.
2003 2006 2142 2067 Nec
2179 2017 2270 2068 ta·

374 2125 509 2164 men
536 2103 803 2164 confesso
829 2105 1059 2174 timore,
1085 2123 1161 2161 ne
1186 2122 1419 2161 suorum
1446 2103 1672 2162 animos
1693 2102 2101 2184 desperatione
2127 2105 2270 2163 aba·

373 2198 685 2272 lienarent,
727 2209 834 2261 aut
873 2198 1226 2276 fugientium
1266 2199 1463 2278 speeie
1506 2199 1656 2258 abiri
1701 2199 1956 2278 placuit;
2015 2199 2142 2268 sed,
2181 2201 2270 2266 in,-

372 2304 603 2356 strncta
626 2296 705 2356 ad
727 2295 1133 2357 dimicandum
1156 2293 1365 2364 classe,
1389 2295 1439 2354 si
1478 2295 1614 2373 quis
1645 2297 2000 2376 propositum
2041 2295 2152 2354 iter
2179 2295 2268 2364 in„-

370 2391 759 2472 terpeliasset.
1538 2407 1543 2411 ’

454 2491 555 2546 34.
598 2486 693 2545 At
728 2485 1039 2558 Canidius,
1066 2487 1303 2546 remissa
1338 2488 1397 2545 in
1436 2487 1764 2568 AEgyptum
1791 2486 2136 2567 Cleopatra,
2163 2505 2266 2565 pe-
2288 2501 2420 2554 Plut.

370 2579 553 2650 destri
578 2581 779 2640 Marte
804 2580 1234 2642 decernendum
1260 2591 1590 2642 censuerat.
1629 2593 1648 2620 ‘
1673 2581 1894 2662 Neque
1919 2583 2075 2641 enim
2097 2590 2267 2660 turpe

373 2677 451 2738 ad
479 2677 699 2737 famam
722 2675 869 2748 fore,
892 2677 943 2736 si
971 2676 1217 2747 Oaesari,
1240 2676 1459 2736 Siculis
1482 2677 1662 2736 bellis
1685 2679 1923 2737 nautica
1945 2677 2270 2736 certamina

372 2773 611 2845 edocto,
638 2774 787 2836 mari
820 2772 1092 2834 eederet:
1136 2772 1199 2831 id
1240 2774 1443 2844 immo,
1468 2774 1518 2832 si
1560 2773 1834 2850 neglecta
1869 2773 2268 2853 damnataque

373 2870 813 2932 fortissimarum
858 2879 1037 2950 atque
1076 2869 1550 2930 fidelissimarum
1594 2871 1892 2948 legionum
1931 2890 2138 2950 opera,
2179 2881 2270 2952 tot

374 2965 727 3046 pedestrium
768 2965 1101 3046 praeliorum
1140 2965 1351 3035 victor,
1376 2967 1439 3025 in
1478 2964 1672 3025 classe
1709 2984 1952 3026 summae
1985 2967 2070 3024 rei
2103 2985 2269 3045 spem

371 3062 720 3143 reponeret.'
803 3059 883 3119 In
923 3059 1343 3120 Macedoniam
1374 3061 1553 3138 igitur
1579 3081 1652 3120 ac
1678 3060 1998 3122 Thraciam
2010 3063 2268 3140 jubebat

373 3157 679 3218 transferre
724 3156 973 3227 bellum,
1016 3175 1213 3233 regem
1258 3154 1571 3228 Dicomen,
1617 3157 1882 3216 maxima
1923 3157 2266 3216 offerentem

374 3251 664 3314 Getarum
690 3251 937 3323 auxilia,
966 3251 1189 3311 socium
1212 3250 1563 3310 discriminis
1585 3251 1907 3310 habituros.
1990 3249 2114 3310 Sed
2136 3252 2266 3311 haec

372 3349 685 3430 repudiata
706 3356 817 3418 est,
846 3356 915 3406 ut
942 3345 1341 3427 praediximus,
1376 3345 1687 3404 sententia.
1771 3344 1898 3404 Sub
1929 3343 2086 3420 idem
2117 3355 2266 3406 tem·
2323 3358 2422 3406 Dio
2443 3368 2494 3407 et

373 3463 483 3526 pus
531 3444 835 3504 Antonius
882 3443 1279 3523 propinquum
1329 3441 1658 3520 periculum
1701 3441 1932 3519 effugit,
1981 3461 2117 3502 oum
2163 3463 2266 3523 per
2287 3423 2421 3472 ΡΜ·

373 3541 555 3618 long-a
588 3539 853 3610 brachia,
879 3538 1093 3617 quibus
1126 3547 1463 3606 castrorum,
1484 3537 1866 3596 munitionem
1903 3538 2098 3617 portui
2121 3558 2264 3597 con-

361 3637 671 3714 junxerat,
697 3655 805 3716 pro
828 3653 987 3694 more
1012 3653 1247 3692 securus
1271 3633 1588 3718 incederet.
1646 3631 1851 3692 Coesar
1875 3634 2030 3692 enim
2059 3633 2262 3693 admo·

372 3719 751 3812 nitusexcipi
791 3750 925 3790 eum
963 3748 1153 3808 posse,
1181 3726 1338 3788 clam
1372 3728 1612 3787 miserat
1647 3729 2042 3788 subsessores:
2087 3735 2264 3808 atque

372 3827 487 3898 iili,
514 3825 695 3908 paulo
718 3825 1089 3885 festinantius
1112 3831 1513 3907 exsurgentes,
1540 3822 2055 3881 anteambulonem
2081 3823 2266 3902 impe-

372 3923 583 3984 tatoris
612 3922 1049 4002 corripuerunt;
1105 3919 1229 3998 ipse
1264 3917 1442 3977 celeri
1476 3937 1652 3978 eursu
1687 3918 1789 3977 vix
1825 3938 1888 3977 se
1927 3918 2152 3997 recepit
2185 3917 2262 3976 ad

374 4039 529 4080 suos.

454 4122 557 4176 35.
598 4114 868 4184 Interim,
892 4111 1141 4172 delectis
1178 4131 1257 4171 ex
1298 4111 1458 4170 omni
1498 4129 1738 4170 numero
1779 4109 2264 4188 praestantissimis
2285 4129 2426 4180 oron.

374 4209 703 4292 quibusque
726 4209 979 4271 navibus
1003 4217 1241 4268 centum
1266 4207 1660 4288 septuaginta,
1697 4215 1942 4278 ceteras,
1971 4205 2130 4285 quod
2155 4205 2262 4276 im«,-
2313 4227 2442 4276 Plus
2467 4237 2518 4277 et

376 4308 603 4370 minuto
624 4306 963 4387 transfugiis
989 4305 1313 4387 pugnisque
1340 4303 1608 4380 exercitu
1633 4302 1914 4384 compleri
1941 4321 2055 4363 non
2095 4311 2260 4382 pote-
2285 4291 2406 4340 Βίθ-
