<?xml version="1.0" encoding="UTF-8"?>
<!DOCTYPE html PUBLIC "-//W3C//DTD XHTML 1.0 Transitional//EN"
    "http://www.w3.org/TR/xhtml1/DTD/xhtml1-transitional.dtd">
<html xmlns="http://www.w3.org/1999/xhtml" xml:lang="en" lang="en">
 <head>
  <title>
</title>
<meta http-equiv="Content-Type" content="text/html;charset=utf-8" />
  <meta name='ocr-system' content='tesseract 3.04.00' />
  <meta name='ocr-capabilities' content='ocr_page ocr_carea ocr_par ocr_line ocrx_word'/>
</head>
<body>
  <div class='ocr_page' id='page_1' title='image "./tliviipatavinih09livygoog_0407.png"; bbox 0 0 3159 4959; ppageno 0'>
   <div class='ocr_carea' id='block_1_1' title="bbox 822 423 2582 492">
    <p class='ocr_par' dir='ltr' id='par_1_1' title="bbox 822 423 2582 492">
     <span class='ocr_line' id='line_1_1' title="bbox 822 423 2582 492; baseline 0.003 -6"><span class='ocrx_word' id='word_1_1' title='bbox 822 435 1035 486; x_wconf 77' lang='lat' dir='ltr'><strong>maar</strong></span> <span class='ocrx_word' id='word_1_2' title='bbox 1084 432 1453 487; x_wconf 71' lang='lat' dir='ltr'><strong>cxxxvii.</strong></span> <span class='ocrx_word' id='word_1_3' title='bbox 1494 432 2134 491; x_wconf 72' lang='lat' dir='ltr'><strong>SUPPLEMRNTUM.</strong></span> <span class='ocrx_word' id='word_1_4' title='bbox 2407 423 2582 492; x_wconf 75' lang='lat'>5879</span> 
     </span>
    </p>
   </div>
   <div class='ocr_carea' id='block_1_2' title="bbox 368 576 2254 651">
    <p class='ocr_par' dir='ltr' id='par_1_2' title="bbox 368 576 2254 651">
     <span class='ocr_line' id='line_1_2' title="bbox 368 576 2254 651; baseline -0.001 -10"><span class='ocrx_word' id='word_1_5' title='bbox 368 588 495 641; x_wconf 80' lang='lat' dir='ltr'><strong>tum</strong></span> <span class='ocrx_word' id='word_1_6' title='bbox 542 577 721 639; x_wconf 88' lang='lat' dir='ltr'><strong>decus</strong></span> <span class='ocrx_word' id='word_1_7' title='bbox 770 586 881 649; x_wconf 83' lang='lat' dir='ltr'><strong>est,</strong></span> <span class='ocrx_word' id='word_1_8' title='bbox 927 576 1241 639; x_wconf 75' lang='lat' dir='ltr'><strong>Gallorum</strong></span> <span class='ocrx_word' id='word_1_9' title='bbox 1284 578 1551 648; x_wconf 88' lang='lat' dir='ltr'><strong>consilia,</strong></span> <span class='ocrx_word' id='word_1_10' title='bbox 1596 577 2026 639; x_wconf 82' lang='lat' dir='ltr'><strong>Germanorum</strong></span> <span class='ocrx_word' id='word_1_11' title='bbox 2069 596 2254 651; x_wconf 84' lang='lat' dir='ltr'><strong>arma,</strong></span> 
     </span>
    </p>
   </div>
   <div class='ocr_carea' id='block_1_3' title="bbox 350 672 2576 3133">
    <p class='ocr_par' dir='ltr' id='par_1_3' title="bbox 350 672 2576 3133">
     <span class='ocr_line' id='line_1_3' title="bbox 366 672 2546 759; baseline 0.001 -26"><span class='ocrx_word' id='word_1_12' title='bbox 366 675 612 751; x_wconf 84' lang='lat' dir='ltr'><strong>solerter</strong></span> <span class='ocrx_word' id='word_1_13' title='bbox 634 674 974 752; x_wconf 80' lang='lat' dir='ltr'><strong>fortiterque</strong></span> <span class='ocrx_word' id='word_1_14' title='bbox 997 674 1311 733; x_wconf 70' lang='lat' dir='ltr'><strong>coercenti.</strong></span> <span class='ocrx_word' id='word_1_15' title='bbox 1372 672 1602 733; x_wconf 83' lang='lat' dir='ltr'><strong>Census</strong></span> <span class='ocrx_word' id='word_1_16' title='bbox 1625 693 1810 753; x_wconf 82' lang='lat' dir='ltr'>nuper</span> <span class='ocrx_word' id='word_1_17' title='bbox 1835 683 2005 734; x_wconf 85' lang='lat' dir='ltr'><strong>actus</strong></span> <span class='ocrx_word' id='word_1_18' title='bbox 2029 694 2067 733; x_wconf 90' lang='lat' dir='ltr'><strong>a</strong></span> <span class='ocrx_word' id='word_1_19' title='bbox 2095 674 2254 735; x_wconf 89' lang='lat' dir='ltr'><strong>Dru·</strong></span> <span class='ocrx_word' id='word_1_20' title='bbox 2283 693 2388 743; x_wconf 79' lang='lat' dir='ltr'><strong>Liv.</strong></span> <span class='ocrx_word' id='word_1_21' title='bbox 2415 694 2546 759; x_wconf 64' lang='lat'><strong>1:912,</strong></span> 
     </span>
     <span class='ocr_line' id='line_1_4' title="bbox 368 768 2394 852; baseline 0 -21"><span class='ocrx_word' id='word_1_22' title='bbox 368 792 459 842; x_wconf 88' lang='lat' dir='ltr'><strong>so,</strong></span> <span class='ocrx_word' id='word_1_23' title='bbox 502 790 679 851; x_wconf 89' lang='lat' dir='ltr'><strong>quem</strong></span> <span class='ocrx_word' id='word_1_24' title='bbox 722 772 781 829; x_wconf 90' lang='lat' dir='ltr'><strong>in</strong></span> <span class='ocrx_word' id='word_1_25' title='bbox 827 768 1091 829; x_wconf 86' lang='lat' dir='ltr'><strong>Galliam</strong></span> <span class='ocrx_word' id='word_1_26' title='bbox 1134 770 1443 847; x_wconf 86' lang='lat' dir='ltr'><strong>Augustus</strong></span> <span class='ocrx_word' id='word_1_27' title='bbox 1487 769 1621 828; x_wconf 88' lang='lat' dir='ltr'><strong>ideo</strong></span> <span class='ocrx_word' id='word_1_28' title='bbox 1665 771 1928 841; x_wconf 76' lang='lat' dir='ltr'><strong>miserat,</strong></span> <span class='ocrx_word' id='word_1_29' title='bbox 1975 781 2254 852; x_wconf 88' lang='lat' dir='ltr'><strong>tanquam</strong></span> <span class='ocrx_word' id='word_1_30' title='bbox 2281 789 2394 839; x_wconf 89' lang='lat' dir='ltr'><strong>Dio.</strong></span> 
     </span>
     <span class='ocr_line' id='line_1_5' title="bbox 364 863 2258 941; baseline 0.001 -16"><span class='ocrx_word' id='word_1_31' title='bbox 364 864 529 926; x_wconf 77' lang='lat' dir='ltr'><strong>haud</strong></span> <span class='ocrx_word' id='word_1_32' title='bbox 569 867 850 925; x_wconf 88' lang='lat' dir='ltr'><strong>incertum</strong></span> <span class='ocrx_word' id='word_1_33' title='bbox 888 866 1185 924; x_wconf 79' lang='lat' dir='ltr'><strong>servitutis</strong></span> <span class='ocrx_word' id='word_1_34' title='bbox 1226 872 1652 941; x_wconf 77' lang='lat' dir='ltr'><strong>argumentum,</strong></span> <span class='ocrx_word' id='word_1_35' title='bbox 1679 863 1992 925; x_wconf 80' lang='lat' dir='ltr'><strong>Gallorum</strong></span> <span class='ocrx_word' id='word_1_36' title='bbox 2034 868 2258 927; x_wconf 87' lang='lat' dir='ltr'><strong>animos</strong></span> 
     </span>
     <span class='ocr_line' id='line_1_6' title="bbox 366 960 2254 1039; baseline 0.002 -20"><span class='ocrx_word' id='word_1_37' title='bbox 366 960 657 1020; x_wconf 88' lang='lat' dir='ltr'><strong>desiderio</strong></span> <span class='ocrx_word' id='word_1_38' title='bbox 680 981 872 1019; x_wconf 88' lang='lat' dir='ltr'><strong>rerum</strong></span> <span class='ocrx_word' id='word_1_39' title='bbox 910 979 1192 1019; x_wconf 86' lang='lat' dir='ltr'><strong>novarum</strong></span> <span class='ocrx_word' id='word_1_40' title='bbox 1234 960 1667 1038; x_wconf 72' lang='lat' dir='ltr'><strong>compleverat:</strong></span> <span class='ocrx_word' id='word_1_41' title='bbox 1713 960 1949 1039; x_wconf 85' lang='lat' dir='ltr'><strong>passim,</strong></span> <span class='ocrx_word' id='word_1_42' title='bbox 1975 970 2045 1021; x_wconf 85' lang='lat' dir='ltr'><strong>ut</strong></span> <span class='ocrx_word' id='word_1_43' title='bbox 2079 962 2254 1034; x_wconf 84' lang='lat' dir='ltr'><strong>solet,</strong></span> 
     </span>
     <span class='ocr_line' id='line_1_7' title="bbox 364 1053 2258 1135; baseline 0.002 -22"><span class='ocrx_word' id='word_1_44' title='bbox 364 1056 798 1134; x_wconf 80' lang='lat' dir='ltr'><strong>erumpentibus</strong></span> <span class='ocrx_word' id='word_1_45' title='bbox 847 1054 1097 1114; x_wconf 88' lang='lat' dir='ltr'><strong>indiciis.</strong></span> <span class='ocrx_word' id='word_1_46' title='bbox 1187 1054 1281 1113; x_wconf 86' lang='lat' dir='ltr'><strong>Ea</strong></span> <span class='ocrx_word' id='word_1_47' title='bbox 1330 1053 1571 1126; x_wconf 87' lang='lat' dir='ltr'><strong>fiducia,</strong></span> <span class='ocrx_word' id='word_1_48' title='bbox 1623 1063 1686 1114; x_wconf 88' lang='lat' dir='ltr'><strong>et</strong></span> <span class='ocrx_word' id='word_1_49' title='bbox 1740 1054 1898 1134; x_wconf 88' lang='lat' dir='ltr'><strong>quod</strong></span> <span class='ocrx_word' id='word_1_50' title='bbox 1949 1055 2258 1135; x_wconf 85' lang='lat' dir='ltr'><strong>Augustus</strong></span> 
     </span>
     <span class='ocr_line' id='line_1_8' title="bbox 362 1150 2256 1230; baseline 0.001 -21"><span class='ocrx_word' id='word_1_51' title='bbox 362 1150 728 1221; x_wconf 74' lang='lat' dir='ltr'><strong>discesserat,</strong></span> <span class='ocrx_word' id='word_1_52' title='bbox 756 1150 1053 1210; x_wconf 77' lang='lat' dir='ltr'><strong>Sicambri</strong></span> <span class='ocrx_word' id='word_1_53' title='bbox 1078 1169 1395 1229; x_wconf 86' lang='lat' dir='ltr'><strong>eorumque</strong></span> <span class='ocrx_word' id='word_1_54' title='bbox 1428 1150 1574 1209; x_wconf 89' lang='lat' dir='ltr'><strong>socii</strong></span> <span class='ocrx_word' id='word_1_55' title='bbox 1601 1150 1677 1209; x_wconf 89' lang='lat' dir='ltr'><strong>ad</strong></span> <span class='ocrx_word' id='word_1_56' title='bbox 1706 1159 2011 1230; x_wconf 86' lang='lat' dir='ltr'><strong>utramque</strong></span> <span class='ocrx_word' id='word_1_57' title='bbox 2051 1151 2256 1211; x_wconf 85' lang='lat' dir='ltr'><strong>Rheni</strong></span> 
     </span>
     <span class='ocr_line' id='line_1_9' title="bbox 359 1212 2526 1329; baseline 0.001 -24"><span class='ocrx_word' id='word_1_58' title='bbox 359 1246 551 1327; x_wconf 83' lang='lat' dir='ltr'><strong>ripam</strong></span> <span class='ocrx_word' id='word_1_59' title='bbox 577 1246 921 1317; x_wconf 83' lang='lat' dir='ltr'><strong>incolentes,</strong></span> <span class='ocrx_word' id='word_1_60' title='bbox 942 1266 1126 1318; x_wconf 85' lang='lat' dir='ltr'><strong>arma,</strong></span> <span class='ocrx_word' id='word_1_61' title='bbox 1142 1246 1425 1325; x_wconf 77' lang='lat' dir='ltr'><strong>neglectis</strong></span> <span class='ocrx_word' id='word_1_62' title='bbox 1450 1266 1601 1326; x_wconf 85' lang='lat' dir='ltr'><strong>quos</strong></span> <span class='ocrx_word' id='word_1_63' title='bbox 1617 1246 1905 1306; x_wconf 85' lang='lat' dir='ltr'><strong>dederant</strong></span> <span class='ocrx_word' id='word_1_64' title='bbox 1927 1247 2252 1321; x_wconf 85' lang='lat' dir='ltr'><strong>obsidibus,</strong></span> <span class='ocrx_word' id='word_1_65' title='bbox 2276 1212 2526 1329; x_wconf 45' lang='grc' dir='ltr'><strong>ἀξῗῖῑῗξῗ·</strong></span> 
     </span>
     <span class='ocr_line' id='line_1_10' title="bbox 362 1336 2576 1419; baseline -0.003 -18"><span class='ocrx_word' id='word_1_66' title='bbox 362 1349 768 1401; x_wconf 86' lang='lat' dir='ltr'><strong>resumserant.</strong></span> <span class='ocrx_word' id='word_1_67' title='bbox 2275 1340 2414 1415; x_wconf 64' lang='lat' dir='ltr'><strong>Belg.</strong></span> <span class='ocrx_word' id='word_1_68' title='bbox 2435 1336 2576 1419; x_wconf 47' lang='lat'><strong>1315.</strong></span> 
     </span>
     <span class='ocr_line' id='line_1_11' title="bbox 448 1403 2536 1532; baseline 0.001 -37"><span class='ocrx_word' id='word_1_69' title='bbox 448 1440 507 1495; x_wconf 78' lang='lat'><strong>6.</strong></span> <span class='ocrx_word' id='word_1_70' title='bbox 549 1436 647 1495; x_wconf 88' lang='lat' dir='ltr'><strong>At</strong></span> <span class='ocrx_word' id='word_1_71' title='bbox 671 1435 921 1508; x_wconf 86' lang='lat' dir='ltr'><strong>Drusus,</strong></span> <span class='ocrx_word' id='word_1_72' title='bbox 958 1446 1083 1496; x_wconf 89' lang='lat' dir='ltr'><strong>tum</strong></span> <span class='ocrx_word' id='word_1_73' title='bbox 1119 1436 1331 1497; x_wconf 88' lang='lat' dir='ltr'><strong>rectius</strong></span> <span class='ocrx_word' id='word_1_74' title='bbox 1354 1437 1413 1497; x_wconf 91' lang='lat' dir='ltr'><strong>in</strong></span> <span class='ocrx_word' id='word_1_75' title='bbox 1438 1438 1634 1498; x_wconf 89' lang='lat' dir='ltr'><strong>hostes</strong></span> <span class='ocrx_word' id='word_1_76' title='bbox 1673 1438 1952 1517; x_wconf 90' lang='lat' dir='ltr'><strong>impetum</strong></span> <span class='ocrx_word' id='word_1_77' title='bbox 1973 1439 2122 1498; x_wconf 79' lang='lat' dir='ltr'><strong>verti</strong></span> <span class='ocrx_word' id='word_1_78' title='bbox 2157 1458 2250 1498; x_wconf 89' lang='lat' dir='ltr'><strong>ra-</strong></span> <span class='ocrx_word' id='word_1_79' title='bbox 2278 1403 2536 1532; x_wconf 46' lang='grc' dir='ltr'><strong>Ῑξῖᾗξξζῑ·</strong></span> 
     </span>
     <span class='ocr_line' id='line_1_12' title="bbox 359 1531 2574 1613; baseline 0.002 -23"><span class='ocrx_word' id='word_1_80' title='bbox 359 1539 481 1605; x_wconf 88' lang='lat' dir='ltr'><strong>tus,</strong></span> <span class='ocrx_word' id='word_1_81' title='bbox 502 1532 605 1590; x_wconf 92' lang='lat' dir='ltr'><strong>ubi</strong></span> <span class='ocrx_word' id='word_1_82' title='bbox 627 1531 915 1591; x_wconf 88' lang='lat' dir='ltr'><strong>sociorum</strong></span> <span class='ocrx_word' id='word_1_83' title='bbox 943 1552 1034 1591; x_wconf 91' lang='lat' dir='ltr'><strong>res</strong></span> <span class='ocrx_word' id='word_1_84' title='bbox 1056 1534 1393 1613; x_wconf 69' lang='lat' dir='ltr'><strong>compositae</strong></span> <span class='ocrx_word' id='word_1_85' title='bbox 1412 1532 1626 1607; x_wconf 80' lang='lat' dir='ltr'><strong>forent,</strong></span> <span class='ocrx_word' id='word_1_86' title='bbox 1641 1553 1714 1593; x_wconf 89' lang='lat' dir='ltr'><strong>eo</strong></span> <span class='ocrx_word' id='word_1_87' title='bbox 1731 1553 1933 1593; x_wconf 85' lang='lat' dir='ltr'><strong>curam</strong></span> <span class='ocrx_word' id='word_1_88' title='bbox 1951 1534 2250 1594; x_wconf 84' lang='lat' dir='ltr'><strong>intendere</strong></span> <span class='ocrx_word' id='word_1_89' title='bbox 2278 1546 2373 1607; x_wconf 50' lang='lat' dir='ltr'><strong>vxi.</strong></span> <span class='ocrx_word' id='word_1_90' title='bbox 2391 1547 2442 1595; x_wconf 79' lang='grc' dir='ltr'><strong>Ρ·</strong></span> <span class='ocrx_word' id='word_1_91' title='bbox 2458 1538 2574 1584; x_wconf 81' lang='lat'>²⁹1·</span> 
     </span>
     <span class='ocr_line' id='line_1_13' title="bbox 358 1594 2390 1709; baseline 0.002 -23"><span class='ocrx_word' id='word_1_92' title='bbox 358 1626 555 1706; x_wconf 85' lang='lat' dir='ltr'><strong>coepit.</strong></span> <span class='ocrx_word' id='word_1_93' title='bbox 642 1626 1028 1688; x_wconf 77' lang='lat' dir='ltr'><strong>commodam</strong></span> <span class='ocrx_word' id='word_1_94' title='bbox 1070 1628 1307 1689; x_wconf 83' lang='lat' dir='ltr'><strong>fortuna</strong></span> <span class='ocrx_word' id='word_1_95' title='bbox 1348 1630 1713 1689; x_wconf 80' lang='lat' dir='ltr'><strong>occasionem</strong></span> <span class='ocrx_word' id='word_1_96' title='bbox 1759 1629 2013 1709; x_wconf 81' lang='lat' dir='ltr'><strong>praebuit</strong></span> <span class='ocrx_word' id='word_1_97' title='bbox 2055 1631 2252 1689; x_wconf 86' lang='lat' dir='ltr'><strong>omnia</strong></span> <span class='ocrx_word' id='word_1_98' title='bbox 2273 1594 2390 1643; x_wconf 78' lang='lat' dir='ltr'><strong>D¹⁰&#39;</strong></span> 
     </span>
     <span class='ocr_line' id='line_1_14' title="bbox 359 1722 2492 1805; baseline 0 -24"><span class='ocrx_word' id='word_1_99' title='bbox 359 1722 877 1801; x_wconf 84' lang='lat' dir='ltr'><strong>circumspicienti,</strong></span> <span class='ocrx_word' id='word_1_100' title='bbox 908 1723 1071 1801; x_wconf 89' lang='lat' dir='ltr'><strong>quod</strong></span> <span class='ocrx_word' id='word_1_101' title='bbox 1096 1724 1431 1785; x_wconf 86' lang='lat' dir='ltr'><strong>absolutum</strong></span> <span class='ocrx_word' id='word_1_102' title='bbox 1452 1724 1714 1802; x_wconf 84' lang='lat' dir='ltr'><strong>Augusti</strong></span> <span class='ocrx_word' id='word_1_103' title='bbox 1739 1725 2024 1805; x_wconf 88' lang='lat' dir='ltr'><strong>templum</strong></span> <span class='ocrx_word' id='word_1_104' title='bbox 2055 1724 2252 1785; x_wconf 84' lang='lat' dir='ltr'><strong>Gallis</strong></span> <span class='ocrx_word' id='word_1_105' title='bbox 2305 1723 2492 1781; x_wconf 75' lang='lat' dir='ltr'><strong>Strabo,</strong></span> 
     </span>
     <span class='ocr_line' id='line_1_15' title="bbox 356 1794 2557 1901; baseline 0.001 -24"><span class='ocrx_word' id='word_1_106' title='bbox 356 1819 741 1877; x_wconf 88' lang='lat' dir='ltr'><strong>communiter</strong></span> <span class='ocrx_word' id='word_1_107' title='bbox 782 1820 1177 1898; x_wconf 82' lang='lat' dir='ltr'><strong>praebentibus</strong></span> <span class='ocrx_word' id='word_1_108' title='bbox 1192 1848 1215 1875; x_wconf 78' lang='grc' dir='ltr'><strong>ο</strong></span> <span class='ocrx_word' id='word_1_109' title='bbox 1254 1820 1466 1880; x_wconf 77' lang='lat' dir='ltr'><strong>fuerat.</strong></span> <span class='ocrx_word' id='word_1_110' title='bbox 1554 1820 1760 1899; x_wconf 88' lang='lat' dir='ltr'><strong>Hujus</strong></span> <span class='ocrx_word' id='word_1_111' title='bbox 1805 1821 1880 1879; x_wconf 90' lang='lat' dir='ltr'><strong>ad</strong></span> <span class='ocrx_word' id='word_1_112' title='bbox 1926 1820 2250 1879; x_wconf 81' lang='lat' dir='ltr'><strong>dedicatio·</strong></span> <span class='ocrx_word' id='word_1_113' title='bbox 2275 1794 2557 1901; x_wconf 51' lang='lat' dir='ltr'><strong>&#39;fflmffff&#39;</strong></span> 
     </span>
     <span class='ocr_line' id='line_1_16' title="bbox 352 1912 2458 1995; baseline 0.002 -24"><span class='ocrx_word' id='word_1_114' title='bbox 352 1932 495 1971; x_wconf 82' lang='lat' dir='ltr'><strong>nem</strong></span> <span class='ocrx_word' id='word_1_115' title='bbox 518 1914 751 1972; x_wconf 82' lang='lat' dir='ltr'><strong>evocati</strong></span> <span class='ocrx_word' id='word_1_116' title='bbox 778 1914 1093 1993; x_wconf 82' lang='lat' dir='ltr'><strong>principes,</strong></span> <span class='ocrx_word' id='word_1_117' title='bbox 1114 1934 1249 1975; x_wconf 90' lang='lat' dir='ltr'><strong>cum</strong></span> <span class='ocrx_word' id='word_1_118' title='bbox 1270 1922 1594 1995; x_wconf 79' lang='lat' dir='ltr'><strong>proetextus</strong></span> <span class='ocrx_word' id='word_1_119' title='bbox 1619 1916 2056 1974; x_wconf 87' lang='lat' dir='ltr'><strong>honestissimus</strong></span> <span class='ocrx_word' id='word_1_120' title='bbox 2077 1926 2250 1988; x_wconf 88' lang='lat' dir='ltr'><strong>esset,</strong></span> <span class='ocrx_word' id='word_1_121' title='bbox 2277 1912 2458 1987; x_wconf 56' lang='lat' dir='ltr'><strong>Cljron.</strong></span> 
     </span>
     <span class='ocr_line' id='line_1_17' title="bbox 352 1974 2554 2117; baseline 0.001 -51"><span class='ocrx_word' id='word_1_122' title='bbox 352 2026 551 2087; x_wconf 80' lang='lat' dir='ltr'><strong>neque</strong></span> <span class='ocrx_word' id='word_1_123' title='bbox 575 2007 812 2067; x_wconf 83' lang='lat' dir='ltr'><strong>detecta</strong></span> <span class='ocrx_word' id='word_1_124' title='bbox 836 2028 944 2066; x_wconf 86' lang='lat' dir='ltr'><strong>sua</strong></span> <span class='ocrx_word' id='word_1_125' title='bbox 968 2008 1218 2068; x_wconf 88' lang='lat' dir='ltr'><strong>consilia</strong></span> <span class='ocrx_word' id='word_1_126' title='bbox 1243 2010 1551 2080; x_wconf 83' lang='lat' dir='ltr'><strong>sentirent,</strong></span> <span class='ocrx_word' id='word_1_127' title='bbox 1578 2008 1844 2089; x_wconf 89' lang='lat' dir='ltr'><strong>plerique</strong></span> <span class='ocrx_word' id='word_1_128' title='bbox 1871 2029 2070 2069; x_wconf 87' lang='lat' dir='ltr'><strong>omnes</strong></span> <span class='ocrx_word' id='word_1_129' title='bbox 2095 2010 2252 2089; x_wconf 83' lang='lat' dir='ltr'><strong>Lug-</strong></span> <span class='ocrx_word' id='word_1_130' title='bbox 2276 1974 2396 2090; x_wconf 49' lang='grc' dir='ltr'><strong>ἒξ]</strong></span> <span class='ocrx_word' id='word_1_131' title='bbox 2417 2040 2554 2117; x_wconf 83' lang='lat' dir='ltr'><strong>Epit.</strong></span> 
     </span>
     <span class='ocr_line' id='line_1_18' title="bbox 358 2100 2551 2178; baseline 0.004 -17"><span class='ocrx_word' id='word_1_132' title='bbox 358 2100 581 2161; x_wconf 89' lang='lat' dir='ltr'><strong>dunum</strong></span> <span class='ocrx_word' id='word_1_133' title='bbox 618 2111 1053 2163; x_wconf 78' lang='lat' dir='ltr'><strong>convenerunt:</strong></span> <span class='ocrx_word' id='word_1_134' title='bbox 1096 2104 1179 2162; x_wconf 91' lang='lat' dir='ltr'><strong>ibi</strong></span> <span class='ocrx_word' id='word_1_135' title='bbox 1221 2103 1301 2163; x_wconf 86' lang='lat' dir='ltr'><strong>ad</strong></span> <span class='ocrx_word' id='word_1_136' title='bbox 1342 2102 1700 2163; x_wconf 86' lang='lat' dir='ltr'><strong>confluentes</strong></span> <span class='ocrx_word' id='word_1_137' title='bbox 1741 2103 1952 2164; x_wconf 86' lang='lat' dir='ltr'><strong>Araris</strong></span> <span class='ocrx_word' id='word_1_138' title='bbox 1989 2113 2053 2164; x_wconf 92' lang='lat' dir='ltr'><strong>et</strong></span> <span class='ocrx_word' id='word_1_139' title='bbox 2077 2104 2250 2164; x_wconf 84' lang='lat' dir='ltr'><strong>Rho·</strong></span> <span class='ocrx_word' id='word_1_140' title='bbox 2309 2102 2551 2178; x_wconf 64' lang='lat' dir='ltr'><strong>pescnpt.</strong></span> 
     </span>
     <span class='ocr_line' id='line_1_19' title="bbox 352 2165 2550 2297; baseline 0.001 -41"><span class='ocrx_word' id='word_1_141' title='bbox 352 2196 523 2267; x_wconf 86' lang='lat' dir='ltr'><strong>dani,</strong></span> <span class='ocrx_word' id='word_1_142' title='bbox 577 2198 679 2256; x_wconf 90' lang='lat' dir='ltr'><strong>ubi</strong></span> <span class='ocrx_word' id='word_1_143' title='bbox 730 2217 885 2257; x_wconf 90' lang='lat' dir='ltr'><strong>nunc</strong></span> <span class='ocrx_word' id='word_1_144' title='bbox 926 2198 1263 2258; x_wconf 72' lang='lat' dir='ltr'><strong>‘coenobium</strong></span> <span class='ocrx_word' id='word_1_145' title='bbox 1313 2198 1732 2259; x_wconf 71' lang='lat' dir='ltr'><strong>Atanacense¹</strong></span> <span class='ocrx_word' id='word_1_146' title='bbox 1780 2208 1890 2269; x_wconf 88' lang='lat' dir='ltr'><strong>est,</strong></span> <span class='ocrx_word' id='word_1_147' title='bbox 1941 2199 2248 2259; x_wconf 86' lang='lat' dir='ltr'><strong>delubrum</strong></span> <span class='ocrx_word' id='word_1_148' title='bbox 2275 2165 2550 2297; x_wconf 46' lang='lat' dir='ltr'><strong>gaigrfph.</strong></span> 
     </span>
     <span class='ocr_line' id='line_1_20' title="bbox 358 2292 2410 2375; baseline 0.002 -25"><span class='ocrx_word' id='word_1_149' title='bbox 358 2294 682 2351; x_wconf 85' lang='lat' dir='ltr'><strong>excitatum</strong></span> <span class='ocrx_word' id='word_1_150' title='bbox 728 2302 879 2363; x_wconf 88' lang='lat' dir='ltr'><strong>erat,</strong></span> <span class='ocrx_word' id='word_1_151' title='bbox 925 2312 1063 2353; x_wconf 90' lang='lat' dir='ltr'><strong>cum</strong></span> <span class='ocrx_word' id='word_1_152' title='bbox 1109 2294 1317 2371; x_wconf 76' lang='lat' dir='ltr'><strong>insigni</strong></span> <span class='ocrx_word' id='word_1_153' title='bbox 1364 2316 1469 2354; x_wconf 88' lang='lat' dir='ltr'><strong>ara</strong></span> <span class='ocrx_word' id='word_1_154' title='bbox 1520 2294 1953 2375; x_wconf 84' lang='lat' dir='ltr'><strong>inscriptionem</strong></span> <span class='ocrx_word' id='word_1_155' title='bbox 1995 2296 2248 2354; x_wconf 80' lang='lat' dir='ltr'><strong>habente</strong></span> <span class='ocrx_word' id='word_1_156' title='bbox 2273 2292 2335 2341; x_wconf 73' lang='lat'><strong>‘10</strong></span> <span class='ocrx_word' id='word_1_157' title='bbox 2361 2294 2410 2343; x_wconf 77' lang='lat'><strong>1⁸</strong></span> 
     </span>
     <span class='ocr_line' id='line_1_21' title="bbox 356 2356 2547 2470; baseline 0.003 -25"><span class='ocrx_word' id='word_1_158' title='bbox 356 2388 665 2464; x_wconf 81' lang='lat' dir='ltr'><strong>sexaginta</strong></span> <span class='ocrx_word' id='word_1_159' title='bbox 690 2389 969 2465; x_wconf 84' lang='lat' dir='ltr'><strong>gentium,</strong></span> <span class='ocrx_word' id='word_1_160' title='bbox 1007 2409 1046 2448; x_wconf 86' lang='lat' dir='ltr'><strong>a</strong></span> <span class='ocrx_word' id='word_1_161' title='bbox 1080 2390 1291 2469; x_wconf 88' lang='lat' dir='ltr'><strong>quibus</strong></span> <span class='ocrx_word' id='word_1_162' title='bbox 1330 2379 1509 2451; x_wconf 79' lang='lat' dir='ltr'><strong>etiam</strong></span> <span class='ocrx_word' id='word_1_163' title='bbox 1545 2391 1794 2467; x_wconf 72' lang='lat' dir='ltr'><strong>singulae</strong></span> <span class='ocrx_word' id='word_1_164' title='bbox 1827 2398 2036 2449; x_wconf 81' lang='lat' dir='ltr'><strong>statuae</strong></span> <span class='ocrx_word' id='word_1_165' title='bbox 2063 2391 2122 2449; x_wconf 91' lang='lat' dir='ltr'><strong>in</strong></span> <span class='ocrx_word' id='word_1_166' title='bbox 2147 2410 2247 2450; x_wconf 89' lang='lat' dir='ltr'><strong>eo·</strong></span> <span class='ocrx_word' id='word_1_167' title='bbox 2273 2356 2547 2470; x_wconf 50' lang='lat' dir='ltr'><strong>f‚¹⁸1¹,³‘{‘1&#39;;·p‘</strong></span> 
     </span>
     <span class='ocr_line' id='line_1_22' title="bbox 358 2481 2478 2566; baseline 0.002 -26"><span class='ocrx_word' id='word_1_168' title='bbox 358 2481 495 2541; x_wconf 88' lang='lat' dir='ltr'><strong>dem</strong></span> <span class='ocrx_word' id='word_1_169' title='bbox 534 2482 755 2563; x_wconf 90' lang='lat' dir='ltr'><strong>templo</strong></span> <span class='ocrx_word' id='word_1_170' title='bbox 790 2482 1084 2545; x_wconf 64' lang='lat' dir='ltr'><strong>dedicatae</strong></span> <span class='ocrx_word' id='word_1_171' title='bbox 1118 2486 1476 2546; x_wconf 82' lang='lat' dir='ltr'><strong>visebantur.</strong></span> <span class='ocrx_word' id='word_1_172' title='bbox 1561 2485 1868 2566; x_wconf 88' lang='lat' dir='ltr'><strong>Spatiosus</strong></span> <span class='ocrx_word' id='word_1_173' title='bbox 1907 2484 2122 2545; x_wconf 88' lang='lat' dir='ltr'><strong>deinde</strong></span> <span class='ocrx_word' id='word_1_174' title='bbox 2159 2485 2248 2544; x_wconf 89' lang='lat' dir='ltr'><strong>la-</strong></span> <span class='ocrx_word' id='word_1_175' title='bbox 2302 2482 2478 2535; x_wconf 80' lang='lat' dir='ltr'><strong>Juven.</strong></span> 
     </span>
     <span class='ocr_line' id='line_1_23' title="bbox 352 2545 2535 2658; baseline 0 -19"><span class='ocrx_word' id='word_1_176' title='bbox 352 2598 463 2639; x_wconf 87' lang='lat' dir='ltr'><strong>cus</strong></span> <span class='ocrx_word' id='word_1_177' title='bbox 479 2584 507 2621; x_wconf 79' lang='lat'><strong>⁸</strong></span> <span class='ocrx_word' id='word_1_178' title='bbox 544 2580 955 2658; x_wconf 82' lang='lat' dir='ltr'><strong>circumjectus</strong></span> <span class='ocrx_word' id='word_1_179' title='bbox 976 2580 1295 2641; x_wconf 86' lang='lat' dir='ltr'><strong>claudebat</strong></span> <span class='ocrx_word' id='word_1_180' title='bbox 1319 2581 1535 2641; x_wconf 87' lang='lat' dir='ltr'><strong>locum.</strong></span> <span class='ocrx_word' id='word_1_181' title='bbox 1619 2581 1808 2641; x_wconf 89' lang='lat' dir='ltr'><strong>Hunc</strong></span> <span class='ocrx_word' id='word_1_182' title='bbox 1835 2582 2043 2640; x_wconf 89' lang='lat' dir='ltr'><strong>annuis</strong></span> <span class='ocrx_word' id='word_1_183' title='bbox 2069 2580 2246 2651; x_wconf 85' lang='lat' dir='ltr'><strong>ludis,</strong></span> <span class='ocrx_word' id='word_1_184' title='bbox 2271 2545 2535 2658; x_wconf 46' lang='lat'><strong>{3333044&#39;</strong></span> 
     </span>
     <span class='ocr_line' id='line_1_24' title="bbox 352 2672 2500 2755; baseline 0.001 -23"><span class='ocrx_word' id='word_1_185' title='bbox 352 2682 532 2753; x_wconf 85' lang='lat' dir='ltr'><strong>atque</strong></span> <span class='ocrx_word' id='word_1_186' title='bbox 586 2672 921 2734; x_wconf 85' lang='lat' dir='ltr'><strong>Rhetorum</strong></span> <span class='ocrx_word' id='word_1_187' title='bbox 966 2676 1149 2735; x_wconf 86' lang='lat' dir='ltr'><strong>etiam</strong></span> <span class='ocrx_word' id='word_1_188' title='bbox 1198 2676 1615 2737; x_wconf 80' lang='lat' dir='ltr'><strong>certaminibus</strong></span> <span class='ocrx_word' id='word_1_189' title='bbox 1665 2675 1951 2737; x_wconf 86' lang='lat' dir='ltr'><strong>celebrari</strong></span> <span class='ocrx_word' id='word_1_190' title='bbox 2002 2675 2244 2755; x_wconf 86' lang='lat' dir='ltr'><strong>placuit.</strong></span> <span class='ocrx_word' id='word_1_191' title='bbox 2301 2673 2500 2747; x_wconf 58' lang='lat' dir='ltr'><strong>sueton.</strong></span> 
     </span>
     <span class='ocr_line' id='line_1_25' title="bbox 356 2736 2524 2865; baseline 0.002 -38"><span class='ocrx_word' id='word_1_192' title='bbox 356 2767 649 2828; x_wconf 84' lang='lat' dir='ltr'><strong>Sacerdos</strong></span> <span class='ocrx_word' id='word_1_193' title='bbox 686 2790 721 2827; x_wconf 88' lang='lat' dir='ltr'><strong>e</strong></span> <span class='ocrx_word' id='word_1_194' title='bbox 760 2771 1119 2851; x_wconf 89' lang='lat' dir='ltr'><strong>principibus</strong></span> <span class='ocrx_word' id='word_1_195' title='bbox 1143 2772 1473 2833; x_wconf 81' lang='lat' dir='ltr'><strong>AEduorum</strong></span> <span class='ocrx_word' id='word_1_196' title='bbox 1512 2771 1590 2832; x_wconf 84' lang='lat' dir='ltr'><strong>C.</strong></span> <span class='ocrx_word' id='word_1_197' title='bbox 1617 2772 1817 2832; x_wconf 86' lang='lat' dir='ltr'><strong>Julius</strong></span> <span class='ocrx_word' id='word_1_198' title='bbox 1841 2772 2244 2831; x_wconf 88' lang='lat' dir='ltr'><strong>Vercundari·</strong></span> <span class='ocrx_word' id='word_1_199' title='bbox 2266 2736 2524 2865; x_wconf 47' lang='lat' dir='ltr'><strong>cha&#39;hgssgpt:</strong></span> 
     </span>
     <span class='ocr_line' id='line_1_26' title="bbox 350 2862 2384 2937; baseline 0.001 -15"><span class='ocrx_word' id='word_1_200' title='bbox 350 2862 569 2923; x_wconf 84' lang='lat' dir='ltr'><strong>dubius</strong></span> <span class='ocrx_word' id='word_1_201' title='bbox 593 2873 841 2925; x_wconf 69' lang='lat' dir='ltr'><strong>creams.</strong></span> <span class='ocrx_word' id='word_1_202' title='bbox 927 2864 1092 2927; x_wconf 90' lang='lat' dir='ltr'><strong>Inter</strong></span> <span class='ocrx_word' id='word_1_203' title='bbox 1126 2869 1281 2928; x_wconf 82' lang='lat' dir='ltr'><strong>hanc</strong></span> <span class='ocrx_word' id='word_1_204' title='bbox 1308 2868 1710 2928; x_wconf 78' lang='lat' dir='ltr'><strong>remissionem</strong></span> <span class='ocrx_word' id='word_1_205' title='bbox 1735 2868 2082 2937; x_wconf 88' lang='lat' dir='ltr'><strong>animorum,</strong></span> <span class='ocrx_word' id='word_1_206' title='bbox 2107 2886 2243 2927; x_wconf 89' lang='lat' dir='ltr'><strong>cum</strong></span> <span class='ocrx_word' id='word_1_207' title='bbox 2266 2863 2384 2913; x_wconf 86' lang='lat' dir='ltr'><strong>Dio.</strong></span> 
     </span>
     <span class='ocr_line' id='line_1_27' title="bbox 352 2928 2476 3040; baseline 0.001 -24"><span class='ocrx_word' id='word_1_208' title='bbox 352 2977 590 3037; x_wconf 86' lang='lat' dir='ltr'><strong>operam</strong></span> <span class='ocrx_word' id='word_1_209' title='bbox 616 2957 874 3017; x_wconf 86' lang='lat' dir='ltr'><strong>dedisset</strong></span> <span class='ocrx_word' id='word_1_210' title='bbox 899 2958 1153 3031; x_wconf 88' lang='lat' dir='ltr'><strong>Drusus,</strong></span> <span class='ocrx_word' id='word_1_211' title='bbox 1180 2971 1248 3019; x_wconf 89' lang='lat' dir='ltr'><strong>ut</strong></span> <span class='ocrx_word' id='word_1_212' title='bbox 1268 2982 1419 3039; x_wconf 85' lang='lat' dir='ltr'><strong>quos</strong></span> <span class='ocrx_word' id='word_1_213' title='bbox 1451 2963 1708 3040; x_wconf 89' lang='lat' dir='ltr'><strong>suspicio</strong></span> <span class='ocrx_word' id='word_1_214' title='bbox 1746 2980 2029 3021; x_wconf 82' lang='lat' dir='ltr'><strong>novorum</strong></span> <span class='ocrx_word' id='word_1_215' title='bbox 2053 2962 2244 3021; x_wconf 83' lang='lat' dir='ltr'><strong>consi-</strong></span> <span class='ocrx_word' id='word_1_216' title='bbox 2267 2928 2476 2978; x_wconf 81' lang='lat' dir='ltr'><strong>Bucher.</strong></span> 
     </span>
     <span class='ocr_line' id='line_1_28' title="bbox 351 3051 2242 3133; baseline 0.001 -22"><span class='ocrx_word' id='word_1_217' title='bbox 351 3052 568 3111; x_wconf 83' lang='lat' dir='ltr'><strong>liorum</strong></span> <span class='ocrx_word' id='word_1_218' title='bbox 607 3051 954 3130; x_wconf 83' lang='lat' dir='ltr'><strong>contigerat,</strong></span> <span class='ocrx_word' id='word_1_219' title='bbox 982 3054 1296 3133; x_wconf 81' lang='lat' dir='ltr'><strong>plerosque</strong></span> <span class='ocrx_word' id='word_1_220' title='bbox 1337 3073 1538 3113; x_wconf 88' lang='lat' dir='ltr'><strong>omnes</strong></span> <span class='ocrx_word' id='word_1_221' title='bbox 1566 3055 1626 3112; x_wconf 88' lang='lat' dir='ltr'><strong>in</strong></span> <span class='ocrx_word' id='word_1_222' title='bbox 1653 3062 1941 3133; x_wconf 80' lang='lat' dir='ltr'><strong>potestate</strong></span> <span class='ocrx_word' id='word_1_223' title='bbox 1974 3055 2242 3127; x_wconf 88' lang='lat' dir='ltr'><strong>haberet,</strong></span> 
     </span>
    </p>
   </div>
   <div class='ocr_carea' id='block_1_4' title="bbox 348 3148 2242 3228">
    <p class='ocr_par' dir='ltr' id='par_1_4' title="bbox 348 3148 2242 3228">
     <span class='ocr_line' id='line_1_29' title="bbox 348 3148 2242 3228; baseline 0.001 -21"><span class='ocrx_word' id='word_1_224' title='bbox 348 3156 545 3207; x_wconf 82' lang='lat' dir='ltr'><strong>motus</strong></span> <span class='ocrx_word' id='word_1_225' title='bbox 569 3148 670 3227; x_wconf 90' lang='lat' dir='ltr'><strong>qui</strong></span> <span class='ocrx_word' id='word_1_226' title='bbox 698 3148 1015 3207; x_wconf 87' lang='lat' dir='ltr'><strong>timebatur</strong></span> <span class='ocrx_word' id='word_1_227' title='bbox 1040 3168 1075 3207; x_wconf 89' lang='lat' dir='ltr'><strong>e</strong></span> <span class='ocrx_word' id='word_1_228' title='bbox 1102 3148 1333 3222; x_wconf 84' lang='lat' dir='ltr'><strong>Gallia,</strong></span> <span class='ocrx_word' id='word_1_229' title='bbox 1356 3148 1509 3207; x_wconf 88' lang='lat' dir='ltr'><strong>mira</strong></span> <span class='ocrx_word' id='word_1_230' title='bbox 1544 3156 1790 3228; x_wconf 82' lang='lat' dir='ltr'><strong>repente</strong></span> <span class='ocrx_word' id='word_1_231' title='bbox 1815 3148 2242 3228; x_wconf 81' lang='lat' dir='ltr'><strong>tranquillitate</strong></span> 
     </span>
    </p>
   </div>
   <div class='ocr_carea' id='block_1_5' title="bbox 348 3242 2506 3506">
    <p class='ocr_par' dir='ltr' id='par_1_5' title="bbox 348 3242 2506 3506">
     <span class='ocr_line' id='line_1_30' title="bbox 348 3242 2497 3419; baseline 0.005 -20"><span class='ocrx_word' id='word_1_232' title='bbox 348 3242 847 3400; x_wconf 28' lang='lat' dir='ltr'><strong>foglegltletonius</strong></span> <span class='ocrx_word' id='word_1_233' title='bbox 874 3336 1279 3417; x_wconf 81' lang='lat' dir='ltr'><strong>Lugdunensis</strong></span> <span class='ocrx_word' id='word_1_234' title='bbox 1303 3356 1420 3399; x_wconf 81' lang='lat' dir='ltr'><strong>arae</strong></span> <span class='ocrx_word' id='word_1_235' title='bbox 1445 3336 1878 3402; x_wconf 86' lang='lat' dir='ltr'><strong>dedicationem</strong></span> <span class='ocrx_word' id='word_1_236' title='bbox 1899 3336 1978 3399; x_wconf 87' lang='lat' dir='ltr'><strong>ad</strong></span> <span class='ocrx_word' id='word_1_237' title='bbox 1995 3358 2240 3419; x_wconf 84' lang='lat' dir='ltr'><strong>sequen-</strong></span> <span class='ocrx_word' id='word_1_238' title='bbox 2298 3356 2497 3411; x_wconf 75' lang='lat' dir='ltr'><strong>Sueten.</strong></span> 
     </span>
     <span class='ocr_line' id='line_1_31' title="bbox 351 3420 2506 3506; baseline 0 -13"><span class='ocrx_word' id='word_1_239' title='bbox 351 3443 441 3492; x_wconf 89' lang='lat' dir='ltr'><strong>tes</strong></span> <span class='ocrx_word' id='word_1_240' title='bbox 477 3433 743 3494; x_wconf 87' lang='lat' dir='ltr'><strong>consules</strong></span> <span class='ocrx_word' id='word_1_241' title='bbox 784 3433 990 3495; x_wconf 89' lang='lat' dir='ltr'><strong>Iulum</strong></span> <span class='ocrx_word' id='word_1_242' title='bbox 1029 3433 1381 3506; x_wconf 87' lang='lat' dir='ltr'><strong>Antonium,</strong></span> <span class='ocrx_word' id='word_1_243' title='bbox 1420 3434 1503 3501; x_wconf 79' lang='lat' dir='ltr'><strong>Q.</strong></span> <span class='ocrx_word' id='word_1_244' title='bbox 1534 3434 1809 3506; x_wconf 87' lang='lat' dir='ltr'><strong>Fabium,</strong></span> <span class='ocrx_word' id='word_1_245' title='bbox 1836 3443 1898 3493; x_wconf 90' lang='lat' dir='ltr'><strong>et</strong></span> <span class='ocrx_word' id='word_1_246' title='bbox 1935 3432 2242 3496; x_wconf 86' lang='lat' dir='ltr'><strong>Kalendas</strong></span> <span class='ocrx_word' id='word_1_247' title='bbox 2265 3420 2438 3471; x_wconf 71' lang='lat' dir='ltr'><strong>⁰¹⁸⁰d·</strong></span> <span class='ocrx_word' id='word_1_248' title='bbox 2458 3427 2506 3471; x_wconf 76' lang='lat'><strong>²·</strong></span> 
     </span>
    </p>
   </div>
   <div class='ocr_carea' id='block_1_6' title="bbox 350 3526 2238 3707">
    <p class='ocr_par' dir='ltr' id='par_1_6' title="bbox 350 3526 2238 3707">
     <span class='ocr_line' id='line_1_32' title="bbox 353 3526 2238 3609; baseline 0.002 -23"><span class='ocrx_word' id='word_1_249' title='bbox 353 3526 657 3606; x_wconf 78' lang='lat' dir='ltr'><strong>Augustas</strong></span> <span class='ocrx_word' id='word_1_250' title='bbox 692 3532 825 3608; x_wconf 89' lang='lat' dir='ltr'><strong>ejus</strong></span> <span class='ocrx_word' id='word_1_251' title='bbox 862 3532 1003 3590; x_wconf 91' lang='lat' dir='ltr'><strong>anni</strong></span> <span class='ocrx_word' id='word_1_252' title='bbox 1042 3530 1264 3601; x_wconf 83' lang='lat' dir='ltr'><strong>retulit,</strong></span> <span class='ocrx_word' id='word_1_253' title='bbox 1308 3550 1428 3609; x_wconf 90' lang='lat' dir='ltr'><strong>quo</strong></span> <span class='ocrx_word' id='word_1_254' title='bbox 1467 3538 1532 3591; x_wconf 88' lang='lat' dir='ltr'><strong>et</strong></span> <span class='ocrx_word' id='word_1_255' title='bbox 1573 3538 1778 3590; x_wconf 87' lang='lat' dir='ltr'><strong>natum</strong></span> <span class='ocrx_word' id='word_1_256' title='bbox 1817 3528 2015 3590; x_wconf 86' lang='lat' dir='ltr'><strong>Druso</strong></span> <span class='ocrx_word' id='word_1_257' title='bbox 2048 3528 2238 3590; x_wconf 85' lang='lat' dir='ltr'><strong>filium</strong></span> 
     </span>
     <span class='ocr_line' id='line_1_33' title="bbox 350 3625 2238 3707; baseline 0.002 -25"><span class='ocrx_word' id='word_1_258' title='bbox 350 3634 572 3695; x_wconf 85' lang='lat' dir='ltr'><strong>narrat,</strong></span> <span class='ocrx_word' id='word_1_259' title='bbox 598 3626 701 3705; x_wconf 87' lang='lat' dir='ltr'><strong>qui</strong></span> <span class='ocrx_word' id='word_1_260' title='bbox 734 3625 951 3685; x_wconf 84' lang='lat' dir='ltr'><strong>multos</strong></span> <span class='ocrx_word' id='word_1_261' title='bbox 984 3636 1121 3706; x_wconf 89' lang='lat' dir='ltr'><strong>post</strong></span> <span class='ocrx_word' id='word_1_262' title='bbox 1144 3644 1331 3687; x_wconf 87' lang='lat' dir='ltr'><strong>annos</strong></span> <span class='ocrx_word' id='word_1_263' title='bbox 1356 3628 1676 3707; x_wconf 87' lang='lat' dir='ltr'><strong>imperator</strong></span> <span class='ocrx_word' id='word_1_264' title='bbox 1696 3626 1890 3687; x_wconf 82' lang='lat' dir='ltr'><strong>factus</strong></span> <span class='ocrx_word' id='word_1_265' title='bbox 1911 3634 2022 3687; x_wconf 84' lang='lat' dir='ltr'><strong>est.</strong></span> <span class='ocrx_word' id='word_1_266' title='bbox 2105 3626 2238 3704; x_wconf 79' lang='lat' dir='ltr'><strong>Ego</strong></span> 
     </span>
    </p>
   </div>
   <div class='ocr_carea' id='block_1_7' title="bbox 337 3819 2236 4269">
    <p class='ocr_par' dir='ltr' id='par_1_7' title="bbox 348 3819 2236 3951">
     <span class='ocr_line' id='line_1_34' title="bbox 348 3819 2236 3885; baseline 0.003 -20"><span class='ocrx_word' id='word_1_267' title='bbox 348 3854 361 3865; x_wconf 85' lang='lat'><strong>.</strong></span> <span class='ocrx_word' id='word_1_268' title='bbox 414 3829 437 3855; x_wconf 73' lang='grc' dir='ltr'><strong>ο</strong></span> <span class='ocrx_word' id='word_1_269' title='bbox 481 3820 640 3871; x_wconf 76' lang='lat' dir='ltr'><strong>Gallis</strong></span> <span class='ocrx_word' id='word_1_270' title='bbox 670 3821 977 3872; x_wconf 67' lang='lat' dir='ltr'><strong>communiter</strong></span> <span class='ocrx_word' id='word_1_271' title='bbox 1005 3822 1259 3885; x_wconf 71' lang='lat' dir='ltr'><strong>prebenti-</strong></span> <span class='ocrx_word' id='word_1_272' title='bbox 1388 3820 1408 3857; x_wconf 82' lang='lat'><strong><em>¹</em></strong></span> <span class='ocrx_word' id='word_1_273' title='bbox 1439 3822 1710 3873; x_wconf 70' lang='lat' dir='ltr'><strong>Coenobium</strong></span> <span class='ocrx_word' id='word_1_274' title='bbox 1723 3819 2043 3884; x_wconf 64' lang='lat' dir='ltr'><strong>Armes-ne]</strong></span> <span class='ocrx_word' id='word_1_275' title='bbox 2075 3819 2236 3871; x_wconf 68' lang='lat' dir='ltr'><strong><em>L’Ab-</em></strong></span> 
     </span>
     <span class='ocr_line' id='line_1_35' title="bbox 350 3884 1699 3951; baseline 0.003 -18"><span class='ocrx_word' id='word_1_276' title='bbox 350 3884 459 3949; x_wconf 71' lang='lat' dir='ltr'><strong>bu]</strong></span> <span class='ocrx_word' id='word_1_277' title='bbox 512 3886 768 3935; x_wconf 82' lang='lat' dir='ltr'><strong>sumtum.</strong></span> <span class='ocrx_word' id='word_1_278' title='bbox 842 3886 1054 3934; x_wconf 75' lang='lat' dir='ltr'><strong>Priores</strong></span> <span class='ocrx_word' id='word_1_279' title='bbox 1107 3885 1259 3935; x_wconf 84' lang='lat' dir='ltr'><strong>editi·</strong></span> <span class='ocrx_word' id='word_1_280' title='bbox 1324 3886 1440 3951; x_wconf 67' lang='lat' dir='ltr'><strong>haye</strong></span> <span class='ocrx_word' id='word_1_281' title='bbox 1467 3886 1699 3949; x_wconf 57' lang='lat' dir='ltr'><strong>«turnay.</strong></span> 
     </span>
    </p>

    <p class='ocr_par' dir='ltr' id='par_1_8' title="bbox 337 3946 2235 4269">
     <span class='ocr_line' id='line_1_36' title="bbox 348 3946 2235 4013; baseline 0 -15"><span class='ocrx_word' id='word_1_282' title='bbox 348 3963 471 3999; x_wconf 82' lang='lat' dir='ltr'><strong>ones</strong></span> <span class='ocrx_word' id='word_1_283' title='bbox 518 3948 865 4012; x_wconf 65' lang='lat' dir='ltr'><strong>presentibuu</strong></span> <span class='ocrx_word' id='word_1_284' title='bbox 950 3948 1054 3998; x_wconf 86' lang='lat' dir='ltr'><strong>uod</strong></span> <span class='ocrx_word' id='word_1_285' title='bbox 1103 3963 1260 3999; x_wconf 81' lang='lat' dir='ltr'><strong>sensu</strong></span> <span class='ocrx_word' id='word_1_286' title='bbox 1386 3957 1414 3994; x_wconf 76' lang='grc' dir='ltr'><strong><em>ε</em></strong></span> <span class='ocrx_word' id='word_1_287' title='bbox 1444 3950 1695 4013; x_wconf 69' lang='lat' dir='ltr'><strong>Spatium</strong></span> <span class='ocrx_word' id='word_1_288' title='bbox 1713 3950 1882 3999; x_wconf 77' lang='lat' dir='ltr'><strong>deinde</strong></span> <span class='ocrx_word' id='word_1_289' title='bbox 1901 3946 2050 4009; x_wconf 77' lang='lat' dir='ltr'><strong>Iam]</strong></span> <span class='ocrx_word' id='word_1_290' title='bbox 2081 3946 2235 3998; x_wconf 81' lang='lat' dir='ltr'><strong>Unde</strong></span> 
     </span>
     <span class='ocr_line' id='line_1_37' title="bbox 346 4011 2234 4075; baseline -0.001 -12"><span class='ocrx_word' id='word_1_291' title='bbox 346 4018 510 4063; x_wconf 81' lang='lat' dir='ltr'><strong>caret.</strong></span> <span class='ocrx_word' id='word_1_292' title='bbox 576 4012 885 4063; x_wconf 82' lang='lat' dir='ltr'><strong>Intuebatur</strong></span> <span class='ocrx_word' id='word_1_293' title='bbox 961 4013 1260 4062; x_wconf 74' lang='lat' dir='ltr'><strong>reinslieml-</strong></span> <span class='ocrx_word' id='word_1_294' title='bbox 1323 4012 1419 4064; x_wconf 81' lang='lat' dir='ltr'><strong>hoc</strong></span> <span class='ocrx_word' id='word_1_295' title='bbox 1433 4022 1656 4063; x_wconf 78' lang='lat' dir='ltr'><strong>sumtum</strong></span> <span class='ocrx_word' id='word_1_296' title='bbox 1672 4016 1758 4075; x_wconf 76' lang='lat' dir='ltr'><strong>sit,</strong></span> <span class='ocrx_word' id='word_1_297' title='bbox 1770 4014 1915 4062; x_wconf 83' lang='lat' dir='ltr'><strong>nobis</strong></span> <span class='ocrx_word' id='word_1_298' title='bbox 1929 4025 2028 4061; x_wconf 87' lang='lat' dir='ltr'><strong>non</strong></span> <span class='ocrx_word' id='word_1_299' title='bbox 2043 4011 2202 4075; x_wconf 85' lang='lat' dir='ltr'><strong>liquet</strong></span> <span class='ocrx_word' id='word_1_300' title='bbox 2217 4026 2234 4061; x_wconf 72' lang='lat' dir='ltr'>z</span> 
     </span>
     <span class='ocr_line' id='line_1_38' title="bbox 347 4074 2234 4142; baseline -0.003 -11"><span class='ocrx_word' id='word_1_301' title='bbox 347 4090 409 4131; x_wconf 72' lang='lat' dir='ltr'><strong>ln</strong></span> <span class='ocrx_word' id='word_1_302' title='bbox 443 4076 716 4127; x_wconf 83' lang='lat' dir='ltr'><strong>Strabonis</strong></span> <span class='ocrx_word' id='word_1_303' title='bbox 753 4076 929 4137; x_wconf 80' lang='lat' dir='ltr'><strong>verba,</strong></span> <span class='ocrx_word' id='word_1_304' title='bbox 960 4076 1018 4125; x_wconf 72' lang='grc' dir='ltr'><strong>τὸ</strong></span> <span class='ocrx_word' id='word_1_305' title='bbox 1050 4074 1172 4139; x_wconf 71' lang='grc' dir='ltr'><strong><em>ἱερὸν</em></strong></span> <span class='ocrx_word' id='word_1_306' title='bbox 1202 4074 1261 4125; x_wconf 74' lang='grc' dir='ltr'><strong>τὸ</strong></span> <span class='ocrx_word' id='word_1_307' title='bbox 1323 4076 1416 4126; x_wconf 85' lang='lat' dir='ltr'><strong>sed</strong></span> <span class='ocrx_word' id='word_1_308' title='bbox 1458 4078 1781 4141; x_wconf 78' lang='lat' dir='ltr'><strong>suspicamur</strong></span> <span class='ocrx_word' id='word_1_309' title='bbox 1811 4075 2083 4142; x_wconf 75' lang='lat' dir='ltr'><strong>legendum</strong></span> <span class='ocrx_word' id='word_1_310' title='bbox 2117 4088 2234 4125; x_wconf 78' lang='lat' dir='ltr'><strong>esse</strong></span> 
     </span>
     <span class='ocr_line' id='line_1_39' title="bbox 349 4138 2136 4204; baseline 0.004 -15"><span class='ocrx_word' id='word_1_311' title='bbox 349 4138 618 4202; x_wconf 73' lang='grc' dir='ltr'><strong>ἆνιδειχθὲν</strong></span> <span class='ocrx_word' id='word_1_312' title='bbox 653 4140 743 4189; x_wconf 71' lang='grc' dir='ltr'><strong>ὑπὸ</strong></span> <span class='ocrx_word' id='word_1_313' title='bbox 778 4138 966 4190; x_wconf 70' lang='grc' dir='ltr'><strong>πάντων</strong></span> <span class='ocrx_word' id='word_1_314' title='bbox 997 4142 1130 4204; x_wconf 68' lang='grc' dir='ltr'>κοινῇ·</span> <span class='ocrx_word' id='word_1_315' title='bbox 1162 4142 1261 4190; x_wconf 57' lang='lat' dir='ltr'><strong>rav</strong></span> <span class='ocrx_word' id='word_1_316' title='bbox 1321 4142 1469 4193; x_wconf 64' lang='lat' dir='ltr'><strong>lactes·</strong></span> <span class='ocrx_word' id='word_1_317' title='bbox 1502 4143 1658 4194; x_wconf 65' lang='grc' dir='ltr'><strong>(δι-εν.</strong></span> <span class='ocrx_word' id='word_1_318' title='bbox 2127 4140 2136 4148; x_wconf 69' lang='grc'><strong>’</strong></span> 
     </span>
     <span class='ocr_line' id='line_1_40' title="bbox 337 4204 1257 4269; baseline 0.001 -15"><span class='ocrx_word' id='word_1_319' title='bbox 337 4208 571 4255; x_wconf 63' lang='lat' dir='ltr'><strong>vana-rev</strong></span> <span class='ocrx_word' id='word_1_320' title='bbox 582 4204 776 4269; x_wconf 69' lang='grc' dir='ltr'><strong>Καίσαρι</strong></span> <span class='ocrx_word' id='word_1_321' title='bbox 786 4206 853 4269; x_wconf 69' lang='grc' dir='ltr'><strong>τᾷ</strong></span> <span class='ocrx_word' id='word_1_322' title='bbox 862 4204 1109 4268; x_wconf 54' lang='grc' dir='ltr'><strong>Σεβαστῷ</strong></span> <span class='ocrx_word' id='word_1_323' title='bbox 1117 4206 1257 4256; x_wconf 75' lang='lat' dir='ltr'><strong>Crev-</strong></span> 
     </span>
    </p>
   </div>
  </div>
 </body>
</html>
