3159 4959
868 444 1072 495 usn}
1125 444 1366 493 cxxv.
1410 446 2057 495 surrsnMsNrum.
2399 430 2573 497 6557

341 586 454 668 jus
474 599 646 658 esset,
675 596 779 648 aut
805 588 978 668 plura
1003 590 1282 669 deinceps
1307 597 1486 667 atque
1511 590 1809 649 atrociora.
1824 588 2110 659 timenda,
2144 590 2249 648 ubi

353 685 592 745 lieentia
615 684 884 745 militaris
909 686 1274 765 imperatoris
1298 684 1671 745 dubitatione
1706 685 1832 747 alta
1870 686 2003 766 plns
2038 685 2249 745 virium

358 782 718 861 acquisisset.

437 882 532 939 17.
578 875 858 937 Prudens
907 876 1090 935 fuisse
1141 875 1448 937 consilium
1497 886 1743 935 eventus
1792 877 1971 936 etiam
2023 876 2247 937 docuit.

356 972 594 1052 Quippe
619 982 940 1053 conspectu
975 974 1107 1050 ejus
1131 972 1211 1032 ad
1237 974 1631 1033 reverentiam
1656 972 1822 1041 moti,
1854 970 2133 1033 facinoris
2155 975 2249 1033 in·-

351 1066 574 1127 vidiam
617 1068 1041 1129 transtulerunt
1083 1068 1144 1127 in
1185 1086 1424 1148 paucos.
1529 1066 1651 1127 Ille
1691 1065 1915 1127 leniter·
1940 1068 2253 1148 increpans

351 1163 650 1247 bominum
685 1162 988 1233 ferociam,
1025 1164 1130 1242 qni
1157 1182 1234 1221 ne
1267 1162 1381 1223 sibi
1412 1162 1653 1241 quidem
1684 1164 1799 1241 ipsi
1840 1172 2077 1243 possent
2114 1184 2250 1244 pnr—

348 1279 506 1328 cere,
531 1256 732 1319 divisit
755 1278 947 1337 agros,
972 1266 1034 1317 et
1056 1258 1302 1338 praemia
1327 1278 1444 1318 non
1467 1258 1687 1319 meritis
1711 1258 1911 1329 modo,
1938 1260 2043 1319 sed
2070 1262 2251 1320 etiam
2454 1311 2461 1317 .

350 1354 708 1431 quibusdam
735 1354 868 1431 aliis
889 1353 1074 1414 dedit.
1159 1352 1420 1415 Indulsit
1441 1354 1645 1425 etiam,
1689 1362 1757 1415 ut
1796 1355 1856 1413 in
1888 1354 2046 1414 bello
2072 1356 2248 1415 inter·
2275 1357 2391 1409 Dio·

350 1447 640 1509 sectorum
667 1449 934 1529 patribus
957 1458 1064 1509 aut
1087 1448 1306 1521 liberis,
1350 1449 1452 1529 qui
1481 1448 1669 1509 debiti
1696 1450 1817 1511 illis
1840 1450 2094 1520 funerant,
2125 1454 2251 1531 agri

349 1546 760 1606 tribuerentur.
841 1545 1004 1623 Ergo
1044 1544 1256 1623 vulgus
1293 1546 1570 1616 militum,
1600 1555 1665 1605 ut
1694 1556 1787 1607 est
1818 1546 1895 1605 ad
1930 1566 2133 1607 omnes
2160 1548 2249 1607 af·
2274 1537 2487 1602 Appiam.

353 1640 542 1701 fectus
604 1649 816 1701 natura
861 1661 972 1701 sua
1021 1640 1264 1711 mobile,
1321 1641 1562 1718 juvenis
1616 1643 1875 1702 animum
1924 1642 2251 1704 liberalite-

353 1744 590 1815 temque
615 1736 932 1806 admirans‚
971 1736 1240 1815 conquiri
1275 1736 1458 1815 jussit
1493 1736 1570 1797 ad
1598 1738 1955 1818 supplicium
1979 1740 2085 1819 qui
2112 1739 2248 1799 No-

355 1832 514 1891 nium
556 1832 922 1893 occidissent.
1023 1834 1118 1891 At
1165 1832 1370 1893 Caesar
1421 1844 1683 1913 tempore
1729 1835 1878 1894 bene
1924 1854 2087 1905 usus,
2131 1845 2148 1870 ‘
2190 1856 2255 1893 se

355 1928 592 2007 quidem
621 1950 735 1989 non
761 1932 1030 2008 ignorare
1047 1932 1065 1958 '
1091 1930 1249 1989 dixit
1273 1937 1293 1965 ¹
1317 1940 1591 1990 auctores
1614 1930 1914 2000 facinoris,
1940 1930 2045 1989 sed
2070 1932 2255 2009 poeni-

355 2026 544 2085 tentia
583 2035 922 2086 contentum
965 2045 1204 2107 poenam
1241 2027 1578 2086 remittere.'
1660 2025 1815 2085 Tum
1840 2046 1990 2087 .vero
2015 2026 2255 2088 concla-

355 2128 577 2181 matum
603 2130 694 2181 est
719 2124 798 2181 sb
823 2122 1119 2191 omnibus,
1147 2119 1470 2199 laudesque
1495 2130 1558 2181 et
1583 2131 1781 2199 grates
1802 2123 2073 2181 certatim
2098 2122 2255 2181 inso-

352 2226 620 2276 nuerunt.
705 2215 828 2276 Sed
871 2234 1068 2295 neque
1105 2215 1202 2274 hic
1237 2216 1528 2297 malorum
1566 2216 1723 2285 finis,
1764 2218 2003 2276 turbato
2026 2218 2209 2275 semel
2232 2222 2251 2249 ⁸

351 2312 688 2372 concordiae
732 2310 994 2371 vinculo.
1078 2310 1220 2371 Nec
1263 2312 1420 2371 enim
1462 2332 1585 2391 pax
1626 2320 1691 2372 et
1732 2313 1905 2391 quies
1942 2312 2255 2371 consistere

353 2426 494 2467 cum
519 2407 814 2485 injustitia
838 2415 1050 2487 potest.
1135 2405 1332 2483 Igitur
1369 2408 1582 2485 quibus
1616 2410 1811 2467 causis
1845 2408 2044 2469 favere
2088 2406 2261 2467 miles
2282 2417 2394 2467 Dio.

359 2502 609 2573 Caesari,
637 2501 846 2563 iisdem
872 2502 1046 2583 plebs
1069 2490 1240 2563 irasci
1266 2503 1474 2583 coepit:
1525 2504 1857 2583 passimque
1897 2505 1957 2563 in
2004 2502 2171 2563 Urbe
2194 2514 2259 2565 et

353 2618 458 2678 per
487 2597 730 2659 Italiam
755 2617 968 2678 pugnae
1005 2597 1318 2677 caedesque
1354 2598 1568 2667 factm:
1616 2600 1803 2659 milite
1836 2600 2131 2679 superiore
2162 2620 2255 2659 ar-

357 2714 580 2755 morum
605 2693 876 2773 praesidio
913 2702 978 2752 et
1015 2694 1270 2772 peritia;
1315 2692 1552 2773 plebem
1595 2694 1951 2754 defendente
1994 2714 2255 2765 numero,

357 2800 420 2851 et
444 2788 736 2861 aedificiis,
775 2789 934 2849 unde
969 2790 1288 2870 spargebat
1321 2790 1587 2853 missilia.
1670 2790 1793 2851 Sed
1818 2792 1909 2850 bis
1933 2790 2095 2851 faces
2118 2793 2259 2849 sub-

357 2885 532 2953 dente
556 2894 838 2947 veterano
863 2884 1038 2965 plura
1061 2886 1278 2965 passim
1302 2886 1574 2945 incendia
1594 2888 1937 2947 extiterant.

443 2988 540 3041 18.
585 2980 712 3041 His
749 2980 920 3041 malis
952 2980 1290 3059 compulsus
1323 2980 1689 3053 adolescens,
1724 2991 1789 3041 et
1818 2980 1979 3061 quod
2010 2982 2169 3041 missi
2198 2983 2261 3041 in

360 3076 722 3157 Hispaniam
745 3076 988 3145 milites,
1030 3076 1362 3137 Placentiae
1393 3077 1655 3155 pecuniis
1699 3097 1804 3156 per
1836 3078 1957 3137 vim
1988 3078 2257 3147 extortis,

359 3174 604 3234 transitu
652 3172 908 3253 Alpium
953 3192 994 3231 a
1038 3171 1270 3231 Caleno
1307 3182 1371 3232 et
1421 3171 1709 3233 Ventidio
1753 3173 2257 3252 prohibebantu13

359 3269 726 3329 conditiones
767 3267 1058 3327 offerebat
1097 3267 1370 3327 Antonio
1415 3276 1478 3325 et
1518 3266 1773 3337 Fulviae,
1802 3276 1863 3327 et
1898 3286 2021 3325 rem
2060 3286 2167 3345 per
2196 3288 2261 3326 se

359 3362 576 3425 frustra
599 3384 756 3443 saepe
775 3372 1087 3435 tentatam,
1114 3364 1413 3423 veteranis
1435 3364 1827 3425 commiserat.
1894 3362 2017 3423 Sed
2036 3372 2261 3443 quanto

359 3461 638 3523 intentius
670 3481 792 3541 pax
825 3481 862 3521 a
900 3461 1142 3521 Caesare
1166 3462 1562 3540 quaerebatur,
1607 3469 1775 3521 tanto
1810 3462 1998 3539 magis
2034 3459 2261 3520 bellum
2322 3469 2534 3533 Appiam

363 3556 644 3636 placebat
663 3557 1044 3618 Antoniani&
1108 3558 1178 3617 L.
1204 3558 1470 3629 Maniae,
1499 3557 1799 3617 Coesarem
1826 3576 2089 3637 perosus,
2117 3554 2263 3615 Ful·
2288 3540 2338 3581 et
2364 3534 2490 3584 ΡΜ·

364 3652 522 3711 viam
560 3654 620 3711 in
656 3654 879 3713 bellum
905 3654 1180 3713 muliebri
1209 3655 1585 3714 aemulatione
1612 3650 2001 3723 stimulabat?
2022 3663 2039 3691 ‘
2064 3653 2263 3713 Anto·
2292 3599 2477 3646 Anton-

987 3804 1012 3847 1
1050 3798 1207 3847 Simul
1229 3796 1348 3848 edd.
1369 3806 1489 3849 ante
1525 3800 1681 3849 Crev.

1137 3906 1400 3927 ΟΟΟΟΟΟ
1401 3908 1496 3929 m

429 3971 449 4007 ¹
473 3972 550 4023 L.⁴
580 3974 780 4023 Morino
803 4006 816 4023 .
837 4004 852 4020 .
871 4006 884 4020 .
913 4004 927 4022 .
959 3974 1182 4023 Fulvium
1223 3974 1276 4021 in
1351 3974 1490 4036 qnod
1512 3980 1757 4033 tanquam
1784 3972 1851 4019 ab
1876 3972 1987 4033 ipso
2011 3968 2263 4018 Octavia·

362 4038 529 4087 Ικαωιι
553 4038 772 4093 muliebri
791 4038 1092 4087 emulatione
1110 4038 1276 4085 m'mw-
1346 4051 1412 4086 no
1457 4038 1719 4085 conditum
1763 4037 1949 4085 recitat
1990 4035 2265 4090 Martialis,

362 4102 514 4164 labat]
551 4102 756 4151 Urebat
810 4102 1022 4151 tacitam
1079 4102 1274 4150 Fulviae
1347 4114 1430 4151 ιι.
1449 4106 1531 4150 20.
1601 4100 1800 4162 Nempe
1841 4100 2159 4149 Octavianus
2194 4102 2259 4149 ab

367 4178 593 4215 mentem
632 4167 764 4215 alius
789 4180 994 4230 quoqne
1023 4165 1190 4228 donor,
1229 4166 1272 4212 si
1347 4178 1412 4214 ea
1451 4165 1718 4226 appetitus
1758 4164 2039 4233 improbam
2082 4165 2259 4214 inalie-

361 4230 492 4278 fides
509 4230 752 4279 habenda
785 4241 866 4280 est
890 4231 1084 4279 lascivo
1107 4240 1160 4280 et
1183 4231 1278 4279 ob·
1357 4244 1462 4281 rem
1486 4239 1771 4293 spreverat.
1806 4230 1946 4280 Crev-

367 4308 553 4344 πωπω
610 4296 852 4358 nequitiae
905 4296 1289 4359 epigrammati,
1816 4320 1821 4327 ·
