3159 4959
595 406 770 471 5644
1541 418 1608 467 r.
1658 418 1843 469 mvn

921 558 1040 639 peii
1062 557 1451 622 Tauromenio
1475 564 1678 637 capto,
1703 554 1933 619 duabus
1956 576 2034 616 ex
2058 556 2323 636 partibus
2354 554 2527 615 illum
2552 564 2811 633 angeret.

923 652 1172 714 Interim
1198 662 1262 713 et
1288 652 1558 733 Agrippa
1583 674 1619 711 e
1646 652 1961 733 Strongyle
1988 652 2291 731 transjecit
2315 650 2595 723 Hieram,
2622 672 2813 733 eaque

919 760 1122 831 capta,
1150 770 1213 809 se
1247 750 1480 829 paravit
1513 758 1580 810 ut
1620 748 1903 829 postridie
1942 748 2149 828 Mylas
2186 756 2553 809 transvectus
2590 746 2812 808 Demo·

920 846 1160 907 ebarem
1189 845 1528 913 adoriretur,
1553 845 1659 925 qui
1682 845 1993 905 stationem
2018 844 2101 903 ibi
2126 863 2265 905 cum
2290 842 2685 924 quadraginta
2708 862 2813 903 na-

923 941 1098 1003 vibus
1129 940 1404 1000 babebat.
1489 939 1611 999 Sed
1644 940 1747 999 ubi
1768 959 1904 1001 cum
1927 939 2176 999 dimidia
2200 948 2367 1019 parte
2390 938 2593 999 elassis
2621 938 2817 999 Hiera

603 1052 721 1103 Dio.
923 1036 1243 1117 profectus,
1269 1056 1384 1096 non
1423 1037 1585 1096 exire
1624 1035 2054 1100 Democharem
2087 1035 2261 1105 vidit,
2296 1042 2595 1095 contemta
2632 1035 2820 1097 hostis

925 1132 1166 1211 ignavia
1190 1130 1382 1201 rediit,
1407 1132 1677 1211 sequenti
1698 1130 1795 1191 die
1820 1130 2065 1193 classem
2084 1131 2411 1193 universam
2438 1129 2817 1191 adducturus.

925 1225 1208 1287 Vicissim
1237 1226 1643 1289 Demochares
1666 1246 1781 1287 non
1806 1227 1959 1287 alias
1979 1227 2269 1306 Agrippae
2288 1245 2472 1285 naves
2488 1246 2615 1285 esse
2632 1234 2815 1297 ratus,

925 1331 988 1383 et
1023 1323 1130 1383 bas
1163 1323 1318 1402 ipsas
1353 1322 1554 1383 tardas
1586 1332 1651 1382 et
1679 1342 1907 1399 graves,
1932 1332 2109 1383 noctu
2134 1322 2415 1383 evocavit
2435 1321 2816 1401 Pompeium,

925 1436 998 1477 eo
1023 1418 1320 1497 proposito
1345 1425 1414 1477 ut
1433 1418 1739 1495 conjuncti
1763 1416 2094 1497 Agrippam
2122 1416 2591 1495 aggrederentur.

1008 1518 1068 1577 7.
1113 1510 1310 1593 Igitur
1350 1512 1629 1592 postridie
1672 1512 1785 1571 sub
1824 1512 1979 1573 idem
2024 1512 2207 1574 ferme
2251 1520 2483 1591 tempus
2526 1513 2817 1591 utrimque

609 1624 826 1690 Appi-n.
925 1606 1212 1671 elassibus
1251 1608 1501 1679 eductis,
1547 1628 1683 1668 eum
1728 1608 2005 1688 Agrippa
2044 1617 2109 1669 et
2150 1607 2637 1687 Apollophanem
2682 1628 2817 1669 cum

929 1702 1192 1781 quinque
1237 1712 1302 1764 et
1349 1704 1775 1782 quinquaginta
1830 1704 2076 1763 navibus
2126 1703 2353 1773 adesse,
2400 1712 2463 1763 et
2505 1723 2643 1763 cum
2688 1702 2823 1766 aliis

929 1799 1300 1877 septuaginta
1332 1798 1691 1879 Pompeium
1736 1800 1902 1878 sequi
1940 1796 2268 1877 cognosset,
2305 1801 2513 1859 nuntio
2554 1798 2823 1861 celeriter

927 1894 1010 1957 ad
1051 1894 1345 1955 Caesarem
1377 1896 1576 1965 misso,
1598 1896 1661 1955 in
1686 1897 1915 1973 magnis
1938 1897 2117 1957 animi
2142 1895 2422 1957 fluctibus
2444 1894 2596 1956 fuit:
2638 1894 2821 1957 idem-

609 2006 729 2056 Dio.
930 2009 1050 2069 que
1071 2000 1134 2050 et
1159 1990 1519 2051 Demochari
1543 1991 1835 2051 similibus
1857 1994 2053 2053 causis
2076 1991 2412 2053 accideratz
2448 2000 2512 2052 et
2537 1991 2647 2051 nisi
2684 1990 2825 2071 fuga

933 2094 1142 2163 proeter
1185 2086 1602 2166 turpitudinem
1642 2087 1799 2149 haud
1840 2088 2029 2147 minus
2062 2086 2310 2167 periculi
2344 2106 2521 2167 quam
2560 2086 2823 2167 praelium

933 2182 1252 2251 habuisset,
1279 2202 1394 2241 non
1427 2180 1811 2243 dubitabatur
1848 2182 2183 2261 utrobique,
2216 2183 2357 2260 quin
2398 2190 2699 2262 praestaret
2735 2200 2823 2239 re-

931 2275 1164 2340 cedere.
1247 2275 1370 2337 Sed
1405 2278 1550 2355 quia
1580 2276 1931 2355 digredienti
1956 2286 2258 2338 secuturus
2282 2278 2466 2337 bostis
2490 2276 2823 2348 timebatur,

647 2399 688 2446 Δ
760 2398 856 2449 ian.
937 2371 1064 2450 pari
1090 2371 1466 2451 aliquamdiu·
1481 2372 1679 2433 Marte
1704 2390 2047 2435 coneursum
2072 2382 2183 2435 est.
2246 2372 2377 2433 Pro
2404 2372 2701 2451 Pompeio
2726 2392 2825 2433 ce-

615 2470 670 2511 et
759 2478 807 2511 ο·
935 2464 1137 2528 leritas
1159 2467 1422 2538 navium,
1449 2475 1717 2544 artesque
1742 2467 2193 2544 gubernatorum
2220 2476 2282 2529 et
2311 2468 2595 2545 remigum
2620 2474 2823 2535 erant:

935 2559 1216 2641 Agrippa
1253 2560 1450 2640 plures
1479 2569 1542 2620 et
1573 2561 1856 2621 firmiores
1880 2563 2173 2625 babebat:
2216 2572 2281 2625 et
2302 2564 2481 2623 robur
2506 2564 2829 2627 Coesariani

649 2684 747 2733 Dio
781 2692 832 2733 et
935 2657 1142 2717 militis
1180 2656 1536 2735 adaequabat
1576 2656 2081 2737 Pompeianorum
2120 2659 2472 2741 desperatio.
2569 2658 2829 2737 Fugitivi

616 2746 739 2800 Hor.
756 2750 913 2813 ΕΜ·
933 2754 1090 2813 enim
1137 2752 1398 2831 plerique
1443 2760 1633 2823 erant,
1682 2754 1921 2832 quibus,
1960 2755 2011 2817 si
2048 2765 2421 2839 caperentur,
2462 2776 2533 2815 ne
2570 2755 2827 2835 simplex

617 2818 665 2863 ⁹·
935 2848 1174 2929 quidem
1209 2849 1430 2927 sperari
1463 2868 1623 2909 mors
1654 2858 1905 2929 poterat.

617 2965 830 3028 Appiam.
1017 2953 1078 3005 8.
1122 2944 1528 3007 Memorabilis
1569 2946 1629 3005 in
1665 2947 1781 3005 hoc
1807 2946 2026 3027 ‚praelio
2058 2966 2229 3011 casus
2270 2947 2445 3009 unius
2484 2949 2653 3009 navis
2692 2947 2827 3019 suit,

937 3060 1114 3119 quam
1165 3038 1442 3120 Agrippa
1491 3060 1611 3121 prae
1660 3042 1869 3101 ceteris
1916 3044 2177 3121 petebat,
2230 3042 2391 3121 quod
2442 3062 2515 3103 ea
2566 3042 2829 3123 Papiam

937 3136 1137 3199 invehi
1171 3146 1561 3215 cognoveram
1608 3138 1959 3215 incurritque
1998 3140 2221 3218 impetu
2258 3148 2383 3197 tam
2424 3136 2703 3209 violento,
2740 3148 2829 3209 ut,

939 3252 1110 3312 prora
1143 3232 1428 3304 discussa,
1463 3234 1723 3301 carinam
1766 3234 2041 3313 aperiret,
2080 3244 2143 3295 et
2176 3236 2280 3311 qui
2314 3235 2375 3295 in
2410 3235 2667 3293 turribus
2704 3236 2832 3313 ejus

937 3330 1320 3392 constiterant
1363 3332 1426 3391 in
1489 3348 1651 3389 mare
1700 3339 2132 3393 excuterentur.
2241 3330 2436 3408 Igitur
2486 3339 2553 3391 et
2592 3350 2829 3403 navem,

939 3442 1100 3500 aqua
1137 3424 1378 3502 copiosa
1415 3424 1694 3495 admissa,
1726 3425 1993 3487 celeriter
2028 3426 2259 3487 mersit:
2304 3446 2443 3487 cum
2480 3425 2829 3499 thalamitia

651 3548 824 3597 Pollux
846 3564 898 3597 v,
943 3519 1054 3593 (sic
1089 3517 1463 3599 appellantur
1495 3520 1717 3581 ordinis
1746 3523 1849 3583 imi
1872 3522 2173 3602 remiges,)
2196 3524 2377 3585 ceteri
2403 3522 2673 3585 tabulato
2700 3542 2830 3604 per-

621 3614 702 3724 XL
740 3676 751 3690 ,
939 3613 1128 3675 fracto
1159 3626 1491 3681 enatarunt.
1577 3617 1663 3679 Et
1698 3618 1927 3698 Papias
1952 3620 2015 3679 in
2040 3621 2367 3699 proximam
2392 3639 2603 3681 navem
2628 3640 2829 3699 recep-

621 3692 832 3789 ngm.
941 3718 1056 3779 tus,
1077 3730 1334 3791 pugnam
1351 3713 1605 3793 repetiit.
1669 3714 2169 3793 Pompeianorum
2188 3716 2345 3777 enim
2360 3715 2597 3794 scaphae
2618 3716 2833 3796 pamim

941 3806 1313 3879 oberrabant,
1333 3810 1550 3890 quibus
1571 3810 1981 3889 exciperentur
2006 3822 2234 3885 nantes,
2252 3810 2455 3875 fractis
2478 3821 2587 3873 aut
2610 3811 2834 3872 amissis

943 3905 1206 3964 navibus.
1290 3904 1458 3966 Nam
1493 3913 1554 3965 et
1588 3908 1829 3985 integrae
1854 3907 2353 3986 relinquebantur,
2378 3908 2613 3986 quoties
2636 3906 2837 3965 ferreis

625 4013 834 4077 Appia,
943 4000 1210 4059 manibus
1249 4003 1681 4082 comprehensae
1720 4001 1961 4062 defendi
2000 4004 2277 4063 adversus
2314 4011 2480 4063 tanto
2521 4000 2835 4063 validiores

623 4108 726 4157 Ην.
757 4110 886 4172 Epit.
943 4114 1056 4154 uon
1094 4106 1384 4177 poterant.
1469 4098 1709 4159 Idcirco
1745 4099 2073 4179 Pompeius
2106 4121 2183 4161 ex
2230 4098 2395 4159 edito
2434 4098 2568 4159 loco
2603 4099 2831 4177 conspi-

621 4172 754 4263 yffi·
767 4190 824 4221 ¹¹·
839 4178 920 4223 ⁷⁹·
942 4199 1110 4249 catus
1144 4212 1276 4270 quae
1301 4192 1528 4265 fierent,
1555 4196 1785 4273 signum
1810 4198 2071 4277 receptui
2095 4196 2281 4267 dedit,
2298 4198 2431 4272 jam
2456 4195 2831 4275 advesperan-
