3159 4959
856 423 1067 475 mnlu
1118 423 1481 473 cxxxiii.
1516 422 2160 477 surrnnunmum.
2447 407 2626 479 5761

400 585 641 627 manain
678 564 945 636 ferocior,
980 586 1019 625 a
1052 568 1436 647 popularibus
1472 570 1531 627 in
1568 568 1812 629 exilium
1849 578 2038 639 actus,
2077 569 2304 629 auxilio

404 660 759 742 Scytharum
796 682 933 723 cum
967 663 1261 735 Tiridate,
1284 684 1463 744 quem
1499 666 1716 725 Parthi
1751 686 1946 744 regern
1985 668 2302 726 constitne-

400 767 553 829 rant,
580 758 803 819 bell-um
842 761 1101 837 gerebat.
1193 760 1447 839 Utrique
1474 762 1642 821 socia
1665 761 1922 821 Coesaris
1947 782 2112 821 arma
2136 772 2306 843 opta·

394 865 570 916 runt:
613 857 717 915 sed
756 859 1137 917 excusatione
1178 877 1373 917 rerum
1412 858 1900 938 AEgyptiacarum
1949 878 2110 929 usus,
2151 878 2304 939 prae·

400 962 699 1033 potentem
722 962 955 1033 gentem
984 955 1159 1013 atteri
1184 954 1459 1014 civilibus
1484 956 1662 1015 armis
1693 953 1972 1015 malebat.
2065 956 2306 1017 Interea
2350 984 2360 991 ·

401 1048 759 1121 Phrahates,
795 1050 985 1110 missis
1020 1049 1099 1109 ad
1134 1048 1433 1109 caesarem
1472 1050 1706 1127 legatis,
1743 1058 1760 1085 ‘
1793 1052 1852 1108 in
1893 1048 2128 1130 Syriam
2171 1072 2306 1132 pro·-

397 1145 615 1225 fugisse
648 1165 783 1205 cum
812 1165 1027 1224 magna
1050 1166 1229 1206 manu
1253 1146 1559 1206 Tiridaten
1588 1166 1814 1206 servum
1841 1166 2032 1217 suum,
2061 1148 2308 1231 abrepto

398 1243 573 1303 simul
600 1242 725 1303 filio
749 1263 855 1303 suo
880 1244 1123 1303 minimo
1151 1252 1316 1312 natu,
1340 1262 1519 1321 quem
1542 1242 1932 1320 negligentius
1953 1244 2305 1304 custoditum

400 1340 731 1418 rapuisset,'
752 1338 1081 1416 significat:
1118 1340 1339 1399 remitti
1359 1348 1670 1421 utrumqne
1692 1341 2016 1420 postulans.
2079 1340 2305 1412 Caesar,

272 1514 276 1519 .
400 1436 655 1513 benigne
688 1436 955 1514 exceptis
989 1436 1283 1505 barbaris,
1320 1435 1626 1495 Tiridaten
1664 1436 1832 1495 nullo
1867 1436 2096 1495 auxilio
2123 1438 2306 1515 juvit.

405 1528 683 1591 Ceterum
728 1552 919 1610 neque
962 1531 1129 1591 dedit
1170 1551 1339 1600 eum3
1384 1540 1447 1591 et
1480 1530 1670 1591 filium
1715 1532 2042 1592 Phrabatis
2081 1532 2160 1591 ab
2199 1532 2306 1591 illo

401 1629 659 1687 muneris
692 1628 829 1689 loco
862 1637 1172 1707 acceptum
1212 1627 1475 1688 Romam
1510 1648 1712 1689 secum
1747 1628 2060 1709 deportare
2089 1631 2305 1689 consti-

402 1724 539 1795 tuit,
564 1723 787 1785 obsidis
815 1724 947 1783 loco
974 1724 1297 1784 habiturus.

482 1828 583 1885 72.
629 1822 797 1883 Inter
836 1824 989 1894 haee,
1028 1822 1183 1882 unde
1224 1824 1463 1881 minime
1504 1824 1699 1882 timeri
1746 1823 2068 1893 debuisset,
2112 1828 2308 1904 gravis
2331 1848 2438 1898 Li„
2463 1847 2596 1911 epit,

403 1926 553 1979 orta-
573 1919 927 1998 conspiratio
966 1919 1169 1997 quieta
1213 1918 1565 1977 Maecenatis
1609 1918 1900 1979 industria
1941 1918 2158 1979 Romae
2201 1942 2305 2001 op-
2331 1946 2462 1994 vell.
2477 1960 2537 1993 η,
2549 1948 2633 1997 gg,

405 2016 691 2094 primitur.
764 2015 855 2074 M.
881 2015 1143 2094 Lepidus
1157 2015 1423 2093 juvenis,
1452 2014 1652 2073 multis
1678 2016 1892 2073 irarum
1919 2015 1978 2074 in
2011 2015 2304 2077 Caesarem
2331 2012 2560 2124 38³⁸*ss

403 2112 617 2181 causis,
646 2132 684 2171 a
706 2132 827 2191 quo
848 2102 1135 2171 remotum
1162 2130 1201 2169 a
1222 2110 1534 2191 republica
1557 2120 1808 2191 patrem,
1831 2132 2097 2173 eversum
2123 2133 2306 2173 avun-
2377 2091 2457 2139 η’
2554 2108 2568 2122 ‘

402 2202 603 2265 culum
632 2204 907 2274 Brutum,
936 2224 1090 2263 nune
1114 2204 1296 2263 etiam
1320 2222 1588 2263 socerum
1613 2202 1982 2263 Antonium‘
2013 2204 2306 2265 sublatum
2365 2222 2486 2279 Dio,
2524 2239 2632 2273 nv.

400 2298 671 2369 dolebat,
698 2301 1019 2378 perniciem
1057 2300 1137 2369 ei,
1160 2298 1335 2359 simul
1364 2300 1423 2359 in
1453 2298 1686 2359 Urbem
1712 2298 1976 2370 redisset,
2003 2301 2306 2361 maehina-
2333 2292 2612 2401 Pffiffim'

403 2394 600 2454 batur.
672 2394 877 2473 Hujus
900 2395 1151 2455 consilia
1174 2394 1608 2456 dissimulanter
1621 2394 1962 2475 speculatus
1983 2394 2307 2468 Maeeenas,
2333 2416 2417 2464 fin.
2467 2388 2481 2411 ’
2619 2384 2633 2399 ’

406 2490 511 2569 'qui
554 2500 679 2549 tum
726 2490 805 2549 ad
848 2490 1179 2550 custodiam
1228 2489 1415 2549 Urbis
1450 2488 1728 2561 redierat,
1772 2499 1896 2550 tam
1940 2493 2310 2571 tempestive,
2337 2478 2469 2529 v⁶¹¹·

404 2594 648 2667 tamque
690 2586 855 2646 nulla
896 2588 1239 2667 reipublicae
1275 2587 1714 2667 perturbatione
1749 2589 2062 2667 oppressit,
2096 2600 2184 2659 ut,
2210 2608 2310 2649 ea-

405 2685 527 2765 pite
570 2684 993 2762 conjurationis
1034 2683 1291 2753 sublato,
1334 2684 1583 2743 maximi
1625 2682 1772 2743 belli
1815 2685 2044 2745 semina
2085 2687 2142 2745 in
2185 2688 2318 2767 ipso

406 2790 535 2841 ortu
574 2782 1020 2843 suffocarentur.
1108 2780 1365 2841 Servilia
1406 2780 1622 2860 Lepidi
1659 2800 1810 2841 uxor
1843 2800 1980 2841 cum
2013 2802 2312 2863 superesse

408 2878 535 2937 viro
560 2898 675 2937 non
702 2880 1033 2947 sustineret,
1062 2886 1125 2937 et
1146 2877 1421 2955 diligenti
1446 2877 1826 2938 familiarium
1847 2878 2140 2949 custodia,
2167 2880 2314 2940 nibil

408 2975 657 3055 adipisci
699 2974 1062 3035 mortiferum
1106 2983 1323 3054 posset,
1367 2974 1567 3053 prunis
1613 2973 1956 3034 ardentibus
1991 2974 2313 3048 devoratis,

409 3071 533 3130 vita
568 3071 736 3130 abiit.

492 3172 591 3229 ⁵¹13.
636 3164 859 3245 Neque
894 3164 1259 3225 reticendum
1294 3162 1569 3223 suffectos
1601 3164 1714 3223 hoc
1742 3183 1898 3224 anno
1925 3167 2194 3226 consules
2219 3167 2310 3226 fu·
2338 3185 2475 3249 Pigh.
2507 3187 2640 3237 Am,

412 3264 547 3333 isse,
572 3282 649 3323 ex
680 3261 973 3322 Kalendis
996 3260 1177 3321 Juliis
1204 3260 1280 3320 G.
1310 3260 1665 3329 Antistium,
1693 3279 1770 3320 ex
1799 3259 2012 3320 Idibus
2045 3262 2314 3343 Septem·
2372 3282 2642 3333 Plinaxn.

402 3360 615 3419 -bribus
639 3359 729 3419 Μ.
746 3355 1037 3427 Tullium,
1057 3377 1135 3417 ex
1160 3355 1453 3417 Kalendis
1474 3356 1918 3416 Novembribus
1938 3356 2008 3417 L.
2031 3357 2316 3432 Sinnium,
2340 3352 2398 3423 ὃς

414 3466 532 3516 non
558 3456 811 3515 historiae
837 3465 1069 3515 tantum
1104 3474 1307 3523 eausa,
1336 3453 1439 3512 sed
1475 3462 1543 3512 nt
1566 3454 1718 3512 mira
1742 3453 2013 3533 quaedam
2040 3456 2134 3515 bis
2167 3466 2317 3516 tem·
2340 3410 2504 3527 Pffig't,
2535 3476 2640 3525 cic.

405 3544 654 3634 'poribus
689 3554 991 3613 conversio
1016 3550 1267 3612 fortunae
1294 3560 1547 3611 notetur.
1630 3550 1834 3611 Tullio
1859 3551 2120 3624 consule,
2147 3557 2319 3633 eujus
2342 3540 2424 3616 ⁶¹3·
2449 3550 2499 3589 ἰ
2534 3538 2640 3617 241⁵·

410 3660 641 3732 patrem
686 3650 1029 3709 Gieeronem
1076 3648 1375 3708 Antonius
1411 3648 1850 3727 proscripserat,
1893 3668 2026 3708 eum
2064 3650 2318 3711 Antonii
2342 3620 2471 3717 ἵζω
2489 3605 2641 3719 ‘cab‘

414 3748 687 3807 nuntiata
720 3766 875 3807 mors
906 3753 1083 3813 esset,
1110 3744 1317 3805 iisdem
1360 3743 1594 3825 Idibus,
1622 3744 1836 3821 quibus
1862 3741 2078 3805 Cicero
2101 3749 2317 3825 magis-
2343 3742 2395 3781 Β*
2481 3734 2544 3791 ³⁰»
2570 3748 2642 3781 ¹⁶¹·
2723 3784 2728 3787 -

410 3853 637 3906 ⁴tratum
674 3847 825 3916 iniit,
853 3842 1358 3945 senatusconsulta
1388 3841 1555 3901 sacta
1590 3850 1744 3912 sunt,
1775 3850 1795 3879 “
1821 3851 1888 3900 nt
1912 3842 2166 3903 Antonii
2196 3856 2317 3907 sta-

482 4062 501 4095 ⁸
518 4060 738 4111 Socerum
762 4058 1049 4121 Antonium]
1076 4057 1332 4107 Antonius
1404 4055 1515 4105 viro
1531 4069 1854 4120 quacumque
1867 4056 1932 4104 de
1951 4071 2104 4108 cansa
2124 4058 2318 4109 disces.

422 4126 619 4189 Lepido
634 4126 817 4191 juveni
860 4123 1013 4173 filiam
1050 4138 1191 4171 sumn
1228 4122 1332 4171 col·
1403 4129 1561 4169 serat.
1625 4120 1770 4169 Infra
1795 4122 1929 4169 enim
1953 4122 2046 4171 hoe
2081 4124 2196 4187 ipso
2230 4141 2314 4175 cn.

418 4192 635 4247 locarat,
659 4197 797 4239 teste
823 4188 1011 4247 Dione,
1034 4200 1180 4237 xuv.
1228 4188 1331 4237 Sed
1404 4187 1517 4247 pite
1542 4200 1671 4233 uxor
1704 4185 1856 4249 hinjns
1891 4187 2076 4252 Lepidi
2101 4200 2316 4241 vocatur

418 4254 511 4319 illa
540 4256 778 4310 nimirum
812 4263 902 4305 aut
936 4253 1157 4313 obierat,
1192 4260 1283 4303 aut
1304 4268 1335 4303 a
1402 4249 1643 4305 Servilia.
1676 4250 1814 4303 cm.
