3159 4959
892 464 1096 515 mam
1147 462 1373 513 cxxi.
1415 462 2067 516 supvnumuwrum.
2410 450 2589 517 5485
2688 516 2703 525 ,

359 610 552 671 modis
595 609 832 669 debitas
871 628 1064 678 curas,
1117 626 1284 667 suam
1329 607 1406 668 ad
1459 606 1915 671 dominationem
1960 611 2263 671 universas

357 706 804 767 transtulissent.
887 704 1036 764 Esse
1065 724 1204 765 vero
1229 713 1458 765 tantam
1483 706 1540 763 in
1567 706 1870 767 hominum
1898 708 2107 768 animis
2128 726 2259 785 reg·-

356 804 534 865 nandi
559 802 960 873 dulcedinem,
1003 812 1069 861 ut
1095 822 1167 861 ne
1197 801 1452 862 Caesaris
1477 802 1719 882 quidem
1751 806 1916 865 exitu
1944 804 2257 885 perterriti,

353 902 521 981 paria
544 901 986 979 concupiscant.
1043 898 1146 959 Sic
1169 898 1522 968 Antonium,
1549 898 1863 978 degustato
1888 902 1998 961 sub
2017 900 2259 960 caesare

351 1000 620 1081 imperio,
653 999 740 1057 sic
767 997 1194 1067 Octavianum,
1223 996 1566 1057 baereditate
1594 996 1875 1057 avuncuii
1900 1008 1963 1057 et
1987 999 2115 1077 ipso
2150 1014 2258 1056 no-

351 1096 506 1155 mine
529 1095 862 1163 incitatum,
891 1093 1166 1173 patriam,
1189 1093 1434 1161 amicos,
1455 1092 1703 1162 famam,
1722 1092 1973 1153 salntem
2000 1092 2259 1173 denique

349 1193 538 1273 ipsam
574 1190 1004 1271 cupiditatibus
1043 1191 1162 1249 suis
1199 1190 1570 1269 posthabere.
1660 1188 1827 1248 Nam
1872 1189 2257 1250 Dolabellam
2316 1208 2425 1257 eie.
2448 1208 2587 1259 Phil,

349 1289 592 1367 quidem
615 1287 856 1346 immani
885 1285 1138 1345 audacia
1163 1294 1345 1364 atque
1369 1283 1721 1343 crudelitate
1748 1284 2058 1357 latronem,
2085 1285 2261 1347 factis
2285 1289 2361 1322 ¹¹·
2387 1278 2437 1324 ²·

349 1386 496 1464 ipsis
537 1384 738 1443 omnia
777 1382 856 1441 ab
897 1391 1100 1442 senatu
1145 1381 1486 1462 populoque
1531 1380 1815 1442 Romano
1858 1402 2061 1443 recens
2104 1404 2249 1444 con-

346 1480 574 1539 cordiae
623 1497 804 1538 causa
853 1480 1174 1538 constituta
1223 1476 1510 1537 violasse:
1557 1476 1633 1537 C.
1668 1476 2031 1539 Trebonium
2084 1480 2254 1542 Asiae

347 1576 759 1658 proconsulem
785 1575 1074 1636 occidisse
1099 1594 1114 1634 τ
1157 1574 1304 1635 nihil
1331 1576 1410 1635 ad
1435 1594 1498 1633 se
1519 1576 1909 1655 pertinentem
1934 1596 2257 1657 occupasse

345 1674 754 1753 provinciam:
798 1692 954 1731 nunc
993 1675 1173 1732 etiam
1209 1673 1270 1731 in
1307 1672 1615 1752 procinctu
1666 1690 1812 1742 esse,
1854 1681 1922 1731 ut
1954 1672 2253 1733 decretam

349 1769 426 1829 Ο.
455 1768 666 1831 Cassio
693 1770 930 1849 Syriam
967 1771 1200 1849 eripiat.

425 1874 488 1929 ⁸7.
520 1877 538 1903 ‘
559 1866 642 1926 Se
667 1886 808 1927 vero
827 1886 942 1926 non
965 1868 1052 1926 ita
1070 1867 1374 1944 cognitum
1395 1875 1502 1927 aut
1519 1865 1679 1925 domi
1700 1866 1923 1946 populo
1944 1863 2251 1936 Romano,

347 1970 454 2022 aut
477 1962 622 2022 foris
643 1962 934 2023 sociorum
959 1964 1238 2042 cuiquam
1263 1982 1414 2033 esse,
1445 1972 1512 2021 ut
1539 1964 1919 2040 conjunctam
1943 1980 2081 2022 cum
2100 1962 2251 2042 pub-

345 2057 468 2118 lico
511 2059 773 2141 periculo
800 2060 1078 2137 injuriam
1113 2059 1287 2120 ferat.
1369 2058 1500 2117 Sibi
1537 2066 1724 2130 certe,
1767 2060 1897 2138 ipso
1928 2058 2033 2117 illo
2061 2056 2251 2117 Dola-

341 2153 508 2213 bella
553 2157 979 2225 consentiente,
1023 2158 1152 2236 ipso
1185 2154 1292 2215 illo
1335 2154 1629 2223 Antonio,
1672 2153 1972 2213 decretam
2013 2153 2255 2233 Syriam

342 2270 490 2311 eme.
577 2252 766 2311 Hanc
791 2272 854 2311 se
891 2253 1254 2331 provinciam
1291 2260 1354 2310 et
1387 2252 1605 2309 debere
1636 2250 1927 2320 obtinere,
1967 2258 2031 2308 et
2064 2266 2255 2327 posse.

343 2344 576 2425 Neque
603 2348 760 2405 hanc
791 2346 970 2405 modo
993 2364 1334 2405 concessam
1369 2345 1505 2415 sibi,
1542 2344 1647 2403 sed
1686 2346 1747 2403 in
1784 2344 2015 2403 vicinas
2052 2360 2255 2401 omnes

341 2441 554 2500 datum
583 2444 662 2501 ab
687 2451 893 2501 senatu
921 2442 1228 2521 imperium
1263 2460 1407 2499 esse.
1491 2438 1713 2518 Neque
1741 2447 1861 2497 tam
1889 2438 2085 2498 adhuc
2124 2438 2251 2498 evi-

341 2539 524 2599 luisse
547 2540 975 2598 sanctissimum
1003 2538 1117 2598 hoe
1143 2558 1377 2608 nomen,
1407 2546 1474 2597 ut
1497 2558 1616 2597 non
1644 2537 1863 2616 ubique
1889 2538 2249 2598 venerationi

342 2638 421 2696 sit
443 2637 737 2715 gentibus.
823 2634 1016 2713 Igitur
1041 2644 1104 2695 et
1129 2639 1234 2694 has
1263 2638 1488 2715 copias,
1527 2635 1753 2714 quibus'
1778 2642 2003 2705 utatur,
2042 2654 2252 2715 parare

345 2735 462 2793 isto
483 2733 994 2792 senatusconsulto
1019 2734 1363 2791 instructum
1401 2732 1671 2791 celeriter
1704 2730 2003 2811 potuisse:
2047 2740 2109 2790 et
2141 2732 2249 2790 ha—

343 2831 485 2889 bere
533 2838 782 2898 certum,
825 2830 1046 2887 multos
1089 2830 1310 2888 circum
1355 2838 1564 2909 sponte
1612 2828 1954 2887 vocantium
1998 2826 2251 2907 populos

338 2946 626 3005 regesque
665 2926 778 2984 sibi
805 2925 1034 2984 futuros
1059 2926 1306 2985 auxilio.
1393 2924 1518 2984 Sed
1545 2924 1727 2983 malle
1752 2944 1817 2983 se
1848 2922 2110 2983 Romani
2138 2926 2247 2983 im-

343 3023 492 3102 perii
517 3023 770 3081 salutem
809 3020 1120 3081 Romanis*
1137 3024 1393 3081 maxime
1431 3023 1617 3101 copiis
1648 3021 2015 3101 ducibusque
2040 3018 2245 3079 defen-

341 3118 522 3178 dere:
569 3128 748 3199 atque
791 3118 944 3178 adeo
971 3120 1292 3177 abominari
1325 3118 1494 3178 illam
1522 3118 1839 3187 fortunam,
1882 3128 1949 3177 ut
1986 3116 2248 3177 externis

345 3216 713 3295 potissimum
739 3214 1026 3295 praesidiis
1049 3215 1214 3273 inniti
1243 3234 1542 3274 necessum
1567 3216 1645 3273 sit
1674 3214 1931 3294 publicae
1956 3212 2250 3273 libertatis

347 3320 679 3372 assertores.

425 3416 486 3468 8.
531 3417 552 3443 ⁸
587 3406 778 3486 Igitur
801 3428 866 3466 se
891 3428 928 3467 a
955 3408 1172 3468 Murco
1199 3407 1530 3487 crispoque
1566 3407 2036 3487 imperatoribus,
2072 3407 2243 3469 item·-
2300 3440 2407 3492 Cic·
2440 3444 2501 3493 ad

343 3524 462 3583 que
503 3524 543 3563 a
586 3504 837 3565 caeeilio
885 3503 1076 3563 Basso
1122 3514 1339 3585 petere,
1383 3513 1472 3571 ut,
1521 3504 1726 3583 positis
1773 3502 2115 3572 inimicitiis,
2164 3504 2242 3563 ad
2266 3504 2405 3556 Fam.
2437 3525 2537 3559 xu-

346 3600 722 3660 concordiam
755 3588 1021 3671 redeant,
1073 3610 1134 3659 et
1173 3600 1249 3660 ad
1287 3616 1657 3660 communem
1694 3600 1955 3659 omnium
1990 3598 2243 3659 salutem
2270 3574 2353 3621 Π·

344 3714 546 3755 secum
571 3696 974 3757 administrare
1001 3698 1426 3777 rempublicam
1451 3696 1767 3777 occipiant.
1833 3694 2075 3755 Frustra
2092 3696 2243 3754 inter

347 3812 410 3850 se
439 3811 720 3873 pugnare,
758 3793 972 3873 quibus
995 3812 1121 3853 esse
1147 3792 1310 3853 nulla
1345 3791 1524 3863 salue,
1569 3801 1959 3873 praeterquam
1998 3793 2058 3850 in
2090 3790 2242 3870 pub-

345 3886 488 3959 lica,
511 3891 712 3969 ponit.
766 3888 906 3948 Jam
925 3900 986 3947 et
1001 3888 1402 3949 Octavianum
1413 3888 1627 3947 sentire
1644 3908 1783 3948 cum
1796 3894 2029 3956 senatu,
2052 3904 2242 3965 neque

345 3981 538 4043 lenius
559 3986 759 4064 hujus,
788 4004 966 4063 quam
987 3986 1292 4044 consulum
1319 3985 1491 4042 armis
1512 3984 1847 4043 Antonium
1868 3981 2073 4061 premi.
2136 3979 2241 4041 Ne

345 4080 456 4138 sibi
470 4084 605 4160 jam
631 4090 736 4140 aut
761 4102 868 4161 pro
896 4081 1136 4140 Caesare
1159 4080 1527 4148 bellandum,
1557 4087 1661 4138 aut
1686 4087 1890 4137 contra
1916 4079 2103 4159 ipsum
2131 4099 2237 4160 pu·

349 4184 492 4246 tent,
529 4176 768 4256 quando
793 4186 986 4257 partes
1017 4198 1119 4237 eas
1152 4197 1257 4239 suo
1299 4176 1376 4235 ad
1409 4174 1833 4256 rempublicam
1860 4174 2050 4237 reditu
2080 4174 2238 4237 filius

348 4272 468 4351 ipse
493 4272 750 4333 Caesaris
771 4274 1110 4335 sustulerit)
