3159 4959
808 454 1012 503 mem
1063 450 1374 501 cxxvii.
1419 452 2065 503 suarnssmnn'rum.
2370 432 2545 501 5580

313 606 459 656 -utro
476 595 646 657 hoste
665 604 928 655 uteretur
945 595 1364 673 ambigentem.
1449 592 1711 653 Athenis
1724 593 1902 653 fuisse
1925 614 2060 653 cum
2083 593 2219 653 An-

323 693 488 753 tonio
513 692 912 772 Pompeianos
937 701 1218 752 noverat:
1262 692 1406 771 quid
1447 699 1602 751 esset
1622 699 1971 751 conventum
1998 691 2219 749 nescie-

325 788 450 847 bat.
534 788 778 849 Interim
817 789 1173 849 abutebatur
1215 808 1289 847 eo
1333 787 1633 869 colloquio
1668 788 1747 847 ad
1774 787 2055 847 invidiam
2083 786 2219 847 An·-

305 884 504 943 -toniit
535 892 554 921 ‘
577 886 689 945 hoc
709 884 980 944 nimirum
1001 885 1120 964 agi,
1137 892 1225 954 ut,
1247 885 1432 965 pulsis
1444 884 1615 944 novis
1630 881 1875 953 colonis,
1897 882 2222 963 Pompeius

305 988 666 1060 ·veteresque
713 1000 1077 1061 possemres
1126 979 1518 1039 reducantur.’
1600 978 1687 1038 Et
1736 978 2057 1039 credebant
2105 980 2221 1041 hoc

307 1076 606 1145 -veterani,
633 1077 782 1154 quia
804 1075 1042 1156 plurimi
1083 1074 1458 1155 profugorum
1483 1074 1562 1135 ad
1590 1074 1947 1153 Pompeium
1980 1094 2221 1135 conces·

319 1180 532 1230 serant.
617 1169 741 1230 Sed
771 1190 880 1230 nec
907 1171 1140 1229 incitari
1160 1170 1296 1229 ideo
1319 1180 1527 1231 contra
1551 1170 1885 1231 Antonium
1910 1179 2216 1249 poterant:

303 1274 552 1325 ,tantum
575 1268 632 1326 ei
647 1266 998 1338 studiorum,
1020 1275 1368 1345 tantumque
1392 1266 1839 1326 existimationis
1864 1286 1957 1325 res
1977 1265 2217 1346 Philip-

323 1362 488 1440 pensi
507 1362 672 1420 bello
689 1370 870 1443 gestae
893 1371 1262 1441 pepererant.
1348 1360 1492 1420 Sum
1499 1381 1595 1421 ma
1610 1382 1744 1421 vero
1770 1363 2057 1421 rationum
2078 1362 2217 1421 Cae·

321 1456 472 1515 saris
487 1458 558 1516 -in
584 1476 656 1516 eo
681 1457 1042 1528 vertebatur,
1065 1466 1134 1516 ut
1151 1456 1406 1537 pedestri
1427 1459 1693 1518 exercitu
1718 1458 1947 1537 egregie
1967 1459 2212 1517 instruc-

321 1560 438 1621 tus,
486 1553 806 1612 maritimas
847 1555 1004 1613 vires
1027 1552 1234 1612 -nullas
1270 1553 1530 1613 haberet.
1617 1553 1901 1613 Numero
1922 1552 2214 1630 legionum

319 1650 514 1724 (erant
527 1650 684 1709 enim
705 1648 956 1729 amplius
975 1649 1396 1728 quadraginta)
1407 1650 1581 1709 simul
1594 1649 1926 1710 Antonium
1944 1659 2008 1710 et
2023 1649 2213 1709 Pom-
2270 1674 2279 1681 ·

323 1744 518 1824 peium
537 1752 600 1803 et
623 1744 1094 1805 Ahenobarbum
1130 1746 1466 1825 superabat.
1553 1744 1675 1805 Sed
1701 1745 2009 1805 adversum
2034 1764 2213 1805 naves

303 1839 785 1901 -adversariorum
811 1842 1187 1920 quingentas,
1213 1861 1405 1920 neque
1431 1841 1678 1902 classem
1714 1842 1997 1912 habebat,
2022 1860 2214 1921 neque

299 1938 574 2016 spatium
594 1936 1042 2016 comparandae3
1088 1936 1250 2016 quod
1274 1935 1366 1995 illi
1391 1938 1659 1998 instructi
1685 1939 1995 2018 paratique
2019 1956 2095 1995 ex
2124 1937 2215 1996 vi·

319 2032 454 2092 cino
476 2032 717 2093 Italiam
737 2032 1032 2103 infestare,
1051 2040 1114 2091 et
1133 2031 1210 2091 ad
1225 2043 1551 2092 extremam
1569 2034 1832 2113 inopiam
1852 2031 2089 2109 adigere
2106 2052 2214 2112 po-

303 2135 532 2188 terant.
598 2128 838 2188 Ionium
865 2126 1106 2206 quidem
1123 2145 1284 2187 mare
1311 2147 1498 2207 nuper
1523 2136 1763 2188 avectus
1787 2126 1865 2188 ad
1881 2127 2216 2187 Antonium

303 2222 623 2295 -Domitius
647 2230 982 2303 aperuerat,
1025 2230 1096 2281 ut
1131 2221 1344 2280 melius
1379 2221 1546 2281 bello
1571 2222 1695 2302 peti
1729 2222 2057 2301 Pompeius
2078 2242 2213 2300 pos·-

317 2329 454 2379 set.·
515 2320 797 2380 Ceterum
825 2320 944 2389 hic,
971 2317 1190 2377 multas
1213 2319 1293 2377 ob
1319 2338 1550 2389 causas,
1576 2318 1887 2378 videbatur
1910 2320 2123 2398 potior,
2149 2328 2217 2379 ut
2240 2330 2355 2381 Dio.

295 2436 442 2497 ,με
471 2417 748 2477 Antonio
769 2414 1003 2474 futurus
1042 2415 1195 2483 usui,
1237 2415 1480 2493 majoris
1515 2414 1695 2475 etiam
1734 2433 1912 2495 quam
1940 2412 2043 2474 ille
2071 2414 2211 2475 fidei

297 2515 652 2573 haberetur.

397 2614 457 2669 3.
501 2608 632 2669 His
676 2609 761 2668 ita
800 2610 1092 2688 expensis,
1133 2628 1294 2679 cum,
1345 2608 1585 2669 dimissa
1637 2606 1879 2679 Clodia,
1931 2609 2109 2688 copia
2148 2610 2208 2669 ei
2231 2618 2445 2684 Appiam.

313 2704 716 2765 conditionum
755 2716 930 2775 esset,
979 2705 1058 2766 ad
1097 2705 1492 2765 Maecenatem
1532 2704 1784 2783 scripsit,
1824 2704 1911 2763 uti
1952 2723 2207 2764 sororem

315 2803 428 2861 sibi
457 2800 700 2861 Libonis
721 2801 972 2861 ambiret
1007 2800 1410 2869 Scribonium
1455 2820 1558 2880 per
1598 2820 1777 2879 quam
1808 2799 2047 2860 foederis
2068 2820 2207 2860 cum
2232 2812 2350 2861 Dio.

301 2897 614 2979 ‘Pompeio
653 2896 924 2968 feriendi,
951 2899 1127 2957 simul
1171 2898 1344 2957 rebus
1375 2898 1498 2957 suis
1539 2896 1841 2976 expedire.
1866 2898 2207 2967 censuisset,

315 2994 682 3054 occasionem
705 2993 1022 3073 captabat:
1067 3012 1404 3072 quanquam
1429 3011 1504 3051 ea
1525 2992 1739 3051 mulier
1762 3000 1939 3051 aetate
1962 3010 2209 3070 provec-
2269 3010 2467 3061 Sueten.

293 3090 432 3148 -tior
457 3088 604 3149 duos
627 3095 806 3169 antea
827 3088 1166 3147 consulares
1202 3089 1467 3156 maritos,
1493 3096 1556 3147 et
1592 3107 1671 3146 ex
1712 3086 1794 3147 P.
1828 3084 2107 3165 Scipione
2135 3086 2209 3145 li-
2236 3074 2469 3201 ‘³12¹ssss

301 3186 488 3244 ‚beros
513 3186 832 3245 habuisset.
914 3182 1058 3244 Nec
1083 3192 1427 3243 cunctanter
1452 3182 1779 3262 accipiente
1814 3182 2209 3242 conditionem
2234 3215 2309 3250 zv.
2336 3206 2415 3250 12.
2446 3174 2529 3253 ⁶⁰5.

320 3278 568 3350 Libone,
589 3280 905 3360 literaeque
923 3278 1186 3339 Romam
1207 3278 1286 3337 ad
1312 3280 1534 3338 amicos
1548 3276 1755 3346 dante,
1775 3277 2209 3337 matrimonium
2232 3273 2448 3393 ffpffln·

318 3382 686 3435 contractum
711 3384 818 3437 est.
1908 3398 1913 3403 ·

399 3480 460 3532 4.
502 3470 726 3552 Neque
759 3482 955 3532 tamen
991 3490 1112 3551 pax
1152 3471 1308 3531 inter
1346 3470 1454 3531 hos
1493 3479 1586 3530 est
1624 3470 1795 3541 inita,
1822 3468 1965 3529 dum
2004 3468 2209 3529 Coesar
2232 3490 2350 3541 Dio.

317 3569 518 3629 omnia
541 3568 864 3629 concedere
888 3587 1006 3627 non
1045 3576 1240 3649 potest
1252 3590 1270 3639 ς
1313 3566 1502 3627 multa
1545 3566 1842 3626 remittere
1864 3565 2211 3645 .Pompeius

295 3683 440 3724 -non
485 3664 638 3736 vult,
679 3685 813 3726 cum
857 3666 1216 3725 incremento
1249 3664 1530 3747 potentine
1572 3662 1839 3742 quotidie
1863 3660 2059 3721 factus
2082 3661 2205 3721 ela-„-
2428 3724 2435 3735 ,

317 3759 456 3819 tior.
537 3758 703 3831 Nam
730 3769 794 3821 et
816 3760 918 3821 alii
952 3760 1122 3821 multi
1147 3768 1514 3821 accesserant
1546 3758 1833 3839 partibus,
1874 3766 1939 3817 et
1978 3755 2207 3817 Statius
2258 3783 2387 3837 ven·
2416 3803 2478 3839 Π.

321 3852 568 3915 Murcus
605 3858 681 3927 ei,
721 3856 1025 3918 luculenta
1049 3856 1310 3917 adducta
1339 3856 1550 3924 classe,
1590 3852 2000 3933 duplicaverat
2033 3853 2205 3911 vires.
2228 3851 2311 3899 77·
2346 3850 2463 3899 Dio.

322 3950 428 4011 Ad
452 3951 579 4011 haec
607 3953 970 4031 quotidianis
986 3972 1064 4012 ex
1093 3952 1280 4013 Italia
1301 3948 1662 4027 transfugiis,
1686 3948 1863 4008 etiam
1888 3966 2205 4017 servorum,

319 4047 666 4125 augebatur.
747 4048 899 4109 Tam
945 4050 1100 4108 enim
1134 4048 1500 4107 transibatur
1531 4044 1885 4123 frequenter,
1922 4051 1991 4101 ut
2028 4044 2205 4103 etiam

299 4140 600 4203 ·Vestales
616 4145 768 4205 inter
785 4166 955 4207 sacra
972 4146 1352 4225 conciperent
1364 4152 1589 4213 votum,
1618 4148 1637 4176 ‘
1650 4140 1699 4199 si
1719 4138 1853 4198 finis
1869 4137 2206 4215 aufugiendi

319 4236 512 4299 factus
533 4243 728 4303 esset.’
810 4242 1052 4304 Idcirco
1088 4240 1183 4302 M.
1212 4238 1568 4321 Vipsanium
1592 4234 1961 4317 Agrippam,
1988 4230 2205 4317 1)ῑὶῑίθί-
