3159 4959
600 476 775 544 6012
1520 490 1872 541 nvn-eim.

602 658 683 705 se
712 636 1225 719 confugerant,²0
1270 634 1796 699 restituerentur.
1886 631 2064 712 Quae
2093 632 2391 701 conditio
2431 653 2584 701 cum
2605 632 2795 718 justa

602 739 871 805 senatui
918 736 1265 814 videretur,
1314 756 1435 819 per
1482 734 1857 801 Carbonem
1905 734 2406 820 factionemque
2453 736 2630 819 ejus,
2680 738 2794 802 cui

600 840 848 905 bellum
879 838 1229 903 videbatur
1256 838 1626 915 utilius‚.ne
1659 836 2064 915 conveniret,
2086 836 2388 902 effectum
2419 842 2548 902 est.
2602 837 2794 903 Idem

604 940 854 1021 Carbo,
898 959 1052 1005 cum
1081 940 1169 1004 ab
1199 938 1505 1004 omnibus
1536 936 1808 1021 oppidis
1841 937 2073 1003 Italiae
2103 936 2520 1022 coloniisque
2543 944 2564 975 ¹
2610 938 2792 1002 obsi-

603 1041 725 1105 des
756 1040 1025 1123 exigere
1056 1040 1280 1117 vellet,
1311 1044 1385 1103 ut
1411 1038 1614 1103 fidem
1641 1056 1867 1102 eorum
1897 1042 2128 1103 contra
2157 1036 2417 1119 Syllam
2441 1037 2791 1120 obligaret,

600 1162 929 1207 consensu
975 1148 1256 1207 senatus
1302 1140 1676 1225 prohibitus
1706 1146 1862 1204 est.⁸
1952 1138 2176 1205 Novis
2216 1138 2478 1203 civibus
2526 1144 2790 1204 senatus

602 1244 911 1308 consulto
970 1242 1355 1325 suffragium
1412 1240 1647 1306 datum
1705 1248 1832 1303 est.
1919 1238 2012 1319 Q.
2068 1238 2386 1303 Metellus
2436 1238 2628 1318 Pius,
2677 1243 2792 1322 qui

598 1350 824 1427 partes
855 1344 1283 1427 optimatium
1312 1352 1579 1407 secutus
1609 1345 1772 1418 erat,
1820 1358 1972 1404 cum
2015 1340 2087 1404 in
2115 1336 2348 1403 Africa
2372 1338 2620 1403 bellum
2647 1359 2791 1405 mo-

596 1442 845 1521 liretur,
876 1462 920 1508 a
949 1443 1026 1507 G.
1064 1442 1282 1508 Fabio
1312 1449 1604 1525 praetore
1633 1437 1870 1524 pulsus
1899 1447 2040 1520 est3
2085 1446 2497 1523 senatusque
2527 1442 2792 1507 consul-

598 1550 739 1607 tum
769 1562 890 1626 per
918 1542 1268 1609 factionem
1295 1540 1626 1607 Carbonis
1657 1546 1726 1605 et
1754 1538 2209 1605 Marianarum
2231 1542 2518 1624 partium
2537 1540 2790 1607 factum

595 1651 725 1721 est,
774 1652 851 1709 ut
900 1661 1133 1708 omnes
1180 1641 1433 1725 ubique
1478 1640 1824 1705 exercitus
1864 1640 2374 1707 dimitterentur.
2461 1641 2789 1710 Libertini

598 1748 668 1832 in
724 1747 1015 1829 quinque
1068 1750 1139 1807 et
1199 1744 1467 1826 triginta
1523 1744 1736 1807 tribus
1789 1742 2133 1808 distributi
2190 1750 2364 1809 sunt.
2453 1746 2789 1814 Praeterea

598 1847 760 1913 belli
810 1844 1241 1930 apparatum,
1302 1844 1487 1927 quod
1534 1851 1769 1910 contra
1810 1844 2072 1932 Syllam
2121 1846 2592 1927 excitabatur}
2637 1868 2790 1917 cou-

598 1950 785 2015 tinet.

1518 2041 1882 2065 “mm“

658 2180 725 2227 2⁰
758 2177 804 2227 A
828 2178 988 2229 Cinna
1006 2180 1135 2242 pulsi
1152 2178 1217 2226 ad
1234 2176 1531 2238 refugerunt
1554 2174 1676 2224 cdd.
1703 2184 1828 2227 ante
1849 2176 2109 2227 (ἔποψ-1
2149 2178 2448 2242 Coloniioqu
2465 2177 2648 2228 deerat
2668 2182 2786 2228 ente

592 2242 876 2303 sigone-2
908 2245 1105 2293 Carent
1125 2240 1268 2293 verb.
1293 2246 1367 2290 est
1387 2238 1509 2290 edd.
1532 2247 1654 2289 aute
1675 2240 1953 2303 sigum—⁸
1989 2240 2124 2291 Reus·
2143 2248 2365 2306 ‹mperat-
2383 2248 2556 2293 Μέγα
2589 2244 2787 2309 Syllani,

592 2307 717 2368 quod
734 2306 924 2369 plurim.
942 2306 1151 2357 aefter».
1172 2303 1307 2357 end.

1371 2534 1557 2601 LIB·
1613 2533 2012 2600 LXXXV.

686 2718 876 2803 Sylla
898 2720 969 2784 in
999 2716 1266 2785 Italiam
1298 2737 1449 2782 cum
1482 2717 1789 2785 exercitu
1818 2720 2109 2803 trajecit,
2138 2720 2492 2804 missisque
2515 2719 2788 2801 legatia,

594 2820 715 2904 qui
743 2819 830 2883 de
859 2838 1031 2904 pace
1076 2826 1369 2901 agerent,
1402 2838 1445 2884 a
1474 2821 1764 2887 consule
1795 2820 1876 2887 C.
1896 2820 2223 2887 Norbano
2243 2829 2275 2869 4
2306 2820 2596 2896 violatis,
2617 2838 2781 2883 eun-

596 2918 748 2985 dem
776 2918 1168 2987 Norbanum
1194 2920 1433 3005 praelio
1462 2922 1650 2995 vicit.
1723 2924 1996 2989 Etcum
2026 2923 2108 2989 L.
2139 2923 2483 3007 Scipionis
2513 2921 2787 2986 alterius

595 3024 918 3102 consulis,
943 3043 1096 3089 cum
1124 3042 1262 3107 quo
1296 3043 1411 3107 per
1438 3024 1666 3089 omnia
1693 3024 1766 3089 id
1815 3032 2066 3107 egerat,
2096 3031 2172 3090 ut
2199 3042 2438 3109 pacem
2459 3020 2782 3109 jungeret,

592 3142 719 3188 uec
750 3130 1087 3206 potuerat,
1127 3132 1353 3189 castra
1394 3132 1904 3209 oppugnaturus
1945 3131 2149 3204 esset,
2195 3118 2546 3191 universus
2592 3144 2780 3189 exer·

594 3224 771 3288 citus
796 3223 1112 3304 consulis,
1142 3224 1521 3289 solicitatus
1552 3245 1671 3309 per
1700 3226 1990 3291 emissos
2014 3245 2060 3292 a
2085 3227 2275 3311 Sylla
2297 3226 2563 3304 milites,
2593 3226 2785 3308 signa

594 3323 685 3390 ad
712 3324 967 3409 Syllam
1001 3325 1359 3390 transtulit.
1445 3325 1704 3411 Scipio,
1735 3348 1886 3393 cum
1919 3327 2140 3393 occidi
2171 3333 2431 3411 posset,
2463 3327 2782 3391 dimissus

590 3431 715 3491 est.
804 3425 927 3491 Cn.
976 3424 1365 3510 Pompeius,
1418 3425 1545 3493 Cn.
1599 3426 1679 3491 F.
1725 3428 1902 3511 ejus,
1942 3428 2060 3514 qui
2105 3426 2436 3493 Asculum
2485 3432 2782 3510 ceperat,

594 3527 988 3609 conscripto
1012 3534 1037 3573 ⁵
1083 3526 1612 3593 voluntariorum
1635 3528 1956 3603 exercitu,
1976 3546 2128 3595 cum
2159 3528 2372 3593 tribus
2401 3528 2780 3611 legionibus

592 3628 684 3692 ad
714 3628 969 3711 Syllam
998 3632 1270 3693 venerat
1292 3646 1311 3707 ;
1342 3628 1429 3692 ad
1454 3648 1648 3711 quem
1677 3648 1752 3693 se
1777 3629 2095 3695 nobilitas
2121 3632 2344 3695 omnis
2371 3628 2782 3709 conserebat,

591 3728 685 3793 ita
714 3734 791 3794 ut
817 3727 1083 3799 deserta
1111 3726 1298 3792 Urbe
1344 3727 1433 3793 ad
1478 3735 1702 3794 castra
1732 3728 2092 3796 veniretur.
2177 3728 2522 3796 Praeterea
2568 3746 2782 3813 expe-

593 3827 879 3893 ditiones
925 3848 1043 3912 per
1088 3834 1291 3895 totam
1338 3828 1608 3895 Italiam
1655 3830 2003 3915 utriusque
2051 3832 2260 3915 partis
2312 3831 2558 3897 ducum
2608 3828 2776 3893 refe·

591 3935 845 3995 runtur.

1506 4040 1876 4066 MOOO

655 4142 687 4187 4
720 4139 869 4188 Eteb
900 4140 1273 4193 moron.
1321 4150 1370 4193 et
1404 4159 1436 4192 u
1471 4147 1659 4195 consule
1691 4146 1906 4211 Doujat.
1959 4160 1990 4196 a
2025 4149 2212 4196 comte
2251 4146 2342 4195 Cn.
2366 4146 2596 4209 Carbo-e,
2626 4152 2674 4198 et
2711 4147 2773 4195 C.

594 4196 823 4250 Norbano
842 4202 964 4251 edd.
987 4212 1109 4254 aute
1128 4207 1403 4270 Sigon.——6
1438 4214 1453 4238 ⁶
1472 4208 1625 4260 Voss.
1647 4214 1836 4272 ceperat
1853 4210 2061 4273 scriptun
2079 4226 2184 4260 oum
2201 4212 2395 4273 cer-ipro.
2479 4211 2622 4265 Gud.
2643 4226 2778 4275 cepe-

589 4266 923 4377 &aarum
960 4271 1239 4333 Μεθ’
1342 4272 1589 4325 Fon-rme
1629 4280 1832 4337 ceper-t.
1875 4276 2114 4340 primm,
2152 4277 2430 4339 Ματὶνῦθι
2467 4274 2571 4340 4·σέ
2625 4276 2681 4331 J.
2715 4275 2780 4325 F.
