3159 4959
592 580 789 626 Sueten.

562 644 690 705 Aug.
716 647 797 693 41.

566 708 684 754 Dio.

604 1166 865 1215 strabam.

567 1248 620 1295 p.
638 1235 752 1281 291.

600 1294 781 1344 Euseb-

568 1360 751 1407 Chron-

601 1458 798 1534 Sueton.

569 1550 707 1612 Aug.
719 1554 801 1599 45.

607 2100 638 2147 J
642 2098 808 2161 oseph.

575 2163 749 2276 iantiq.
766 2176 855 2209 xv.

574 2386 672 2436 sun.
694 2386 877 2450 obseq.

1616 415 1684 462 Τ.
1721 415 1919 467 mvn

888 563 1045 621 cies:
1090 570 1151 619 et
1193 569 1441 637 utroque
1488 567 1752 637 tempore
1785 556 2160 637 pauperibus,
2197 554 2298 613 sed
2337 554 2594 615 honestis
2617 556 2780 624 viris,

890 656 1049 737 quod
1074 676 1145 715 eo
1171 656 1363 713 minus
1396 655 1724 721 habebant,
1745 652 1902 711 dono
1921 652 2108 711 dedit.
2193 648 2562 711 Praetoribiis
2587 650 2780 710 indul-

888 754 985 823 sit,
1014 754 1165 812 utin
1194 750 1367 809 ludos
1388 748 1632 829 triplum
1657 751 1809 827 ejus,
1837 747 1999 828 quod
2035 768 2074 807 a
2109 748 2354 827 publico
2389 747 2780 826 praebebatur,

888 850 1178 908 insumere
1230 848 1438 907 liceret
1487 844 1841 905 volentibus.
1921 843 2046 903 His
2089 864 2160 903 ac
2207 842 2501 927 similibus
2535 845 2783 920 gratiam

890 943 1050 1023 apud
1076 945 1185 1003 hos
1208 946 1387 1003 etiam
1415 942 1567 1012 iniit,
1595 960 1744 1020 quos
1769 942 2026 1021 priorum
2063 938 2294 1017 aliquot
2333 938 2530 1016 legum
2571 940 2784 999 severi-

888 1048 983 1097 tas
1008 1039 1325 1100 alienabat.
1414 1039 1489 1125 Jn
1516 1038 2098 1117 provinciisquoque
2119 1056 2210 1095 res
2236 1034 2490 1095 feliciter
2511 1034 2786 1113 procede·

890 1134 1071 1203 bant;
1118 1145 1181 1194 et
1220 1134 1576 1203 Germanos,
1613 1130 1860 1191 Melone
1887 1131 2148 1211 quodam
2173 1130 2347 1200 duce,
2375 1131 2436 1189 iii
2463 1149 2626 1189 arma
2650 1136 2780 1189 ver-‘-

892 1250 1011 1299 sos,
1053 1230 1147 1292 Μ.
1198 1229 1429 1290 Lollius
1468 1248 1772 1308 superasse
1813 1228 2212 1287 nuntiabatur.
2293 1224 2518 1305 Neque
2563 1225 2784 1284 minore

894 1325 1155 1385 omnium
1198 1326 1409 1386 laetitia
1446 1330 1789 1403 exceptum,
1829 1322 1993 1401 quod
2029 1321 2332 1401 Pyladem
2361 1321 2784 1401 pantomimum

893 1422 1233 1489 revocavit3
1279 1440 1453 1499 quem
1485 1428 1722 1498 propter
1759 1414 2173 1497 spectatorem,
2211 1437 2250 1476 a
2285 1437 2404 1495 quo
2427 1415 2784 1475 exsibilaba-

892 1526 1011 1587 tur,
1032 1516 1221 1594 digito
1247 1516 1709 1577 demonstratum
1733 1512 2074 1574 fautoribus.
2089 1514 2232 1583 suis,
2259 1512 2426 1571 Urbe
2451 1520 2630 1591 atque
2661 1511 2785 1571 Ita·

894 1613 979 1673 lia
1029 1621 1444 1673 summoverat.
1552 1610 1764 1689 Atque
1817 1610 1920 1670 ille
1981 1610 2300 1686 castiganti
2349 1629 2486 1668 eum
2537 1607 2783 1676 Caesari,

895 1720 911 1743 ⁴
941 1708 1099 1788 quod
1126 1728 1261 1768 cum
1290 1706 1583 1787 Bathyllo
1609 1706 1962 1766 Maecenatis
1987 1704 2266 1764 familiari
2293 1704 2670 1773 contendens,
2697 1724 2788 1763 se-

892 1805 1145 1865 ditiones
1184 1804 1363 1883 vulgo
1408 1804 1770 1874 concitaret,’
1811 1800 2206 1882 profundioris
2241 1801 2566 1881 prudentiae
2606 1799 2790 1870 dicto,

895 1908 1076 1981 quam‘
1118 1902 1196 1959 ab
1236 1901 1349 1959 boc
1395 1909 1830 1979 expectaretur,
1869 1898 2216 1979 respondit;
2261 1907 2278 1933 ‘
2303 1896 2498 1976 Atqui
2543 1898 2794 1977 expedit

894 1998 1026 2070 tibi,
1050 1995 1276 2065 Oaesar,
1302 1996 1461 2055 circa
1480 2016 1588 2055 nos
1611 2002 1964 2075 occupatum
1983 1995 2266 2075 populum
2283 1994 2546 2053 habere?
2627 1992 2790 2052 Dum

898 2093 1014 2152 ista
1039 2090 1254 2151 Romae
1280 2101 1579 2171 geruntur,
1610 2090 1891 2153 Herodes
1927 2090 2214 2170 templum
2239 2089 2574 2159 demolitus,
2601 2092 2791 2167 majo·
2871 2156 2876 2161 ,

900 2207 961 2245 re
986 2188 1179 2266 spatio
1205 2197 1383 2266 atque
1412 2187 1610 2265 specie
1647 2188 1968 2246 instaurare
2003 2186 2253 2265 incipit:
2297 2184 2456 2265 quod
2501 2205 2648 2265 opus
2682 2186 2788 2244 vix

901 2282 1099 2341 multis
1120 2281 1259 2341 inde
1286 2284 1459 2342 annis
1483 2281 1684 2362 perfici
1709 2282 1923 2361 potuit.
2565 2291 2574 2297 '
2611 2288 2636 2295 ''

981 2385 1081 2439 45.
1125 2377 1280 2438 Caio
1304 2378 1519 2438 deinde
1543 2378 1766 2438 Furnio
1791 2378 1868 2437 C.
1901 2378 1970 2437 F.
2001 2376 2076 2436 C.
2103 2376 2284 2437 Junio
2312 2376 2517 2436 Silano
2537 2378 2790 2437 consuli-

900 2474 1033 2545 bus,
1076 2476 1187 2533 sub
1213 2474 1537 2554 Apennino
1576 2476 1635 2533 in
1661 2474 1812 2534 villa
1837 2474 2024 2533 Liviae
2053 2470 2274 2551 ingenti
2297 2482 2460 2533 motu
2485 2482 2642 2533 terra
2675 2482 2792 2532 tre-

902 2570 1103 2629 muit!
1187 2570 1321 2630 Fax
1362 2572 1422 2629 in
1458 2571 1610 2630 coelo
1645 2590 1683 2629 a
1712 2570 1954 2629 meridie
1989 2571 2068 2629 ad
2096 2570 2352 2629 Boream
2377 2580 2792 2639 transcurrens,

788 2667 795 2675 '
902 2663 981 2723 ad
1006 2664 1446 2743 similitudinem
1472 2666 1701 2727 diurnae
1728 2665 1878 2725 lucis
1911 2675 2142 2725 noctem
2177 2665 2512 2725 illustravit.
2595 2664 2796 2724 Turris

580 2946 697 2997 Dio.

615 3158 811 3204 Sueten.

582 3220 714 3282 Aug.
734 3225 815 3269 64.

613 3284 731 3334 Tac.
751 3284 886 3332 Ann.

582 3353 701 3463 {5121

614 3542 812 3589 Sueton-

584 3604 715 3667 Aug.
729 3608 809 3653 29.

614 3668 731 3717 Tac.
755 3671 885 3716 Anu.

589 3749 650 3781 11·
673 3737 756 3781 ⁷2·

588 3796 705 3846 Dio.

622 3924 733 3973 Liv.
756 3923 886 3986 apud

588 3986 789 4036 Censor.
810 3988 871 4035 de

588 4052 688 4099 Dis
705 4050 821 4101 Nat.

583 4130 629 4163 c.
648 4117 724 4166 17.
771 4116 888 4165 Dio.

904 2759 1202 2817 hortorum
1231 2759 1487 2819 Caesaris
1522 2760 1600 2819 ad
1641 2769 1868 2840 portam
1897 2750 2200 2820 Collinam
2237 2760 2482 2819 fulmine
2523 2779 2797 2841 pereussa

904 2862 1015 2914 est.
1099 2854 1336 2918 Quibus
1370 2853 1530 2913 haud
1572 2855 1816 2934 perinde
1850 2864 2177 2915 commotus
2201 2856 2335 2928 fuit,
2362 2876 2540 2936 quam
2567 2862 2793 2916 recrea·-

906 2960 1000 3009 tus
1024 2951 1384 3011 incremento
1410 2950 1622 3011 domus
1645 2972 1786 3011 suae.
1869 2951 2023 3011 Tum
2047 2954 2206 3012 enim
2231 2952 2480 3011 alterum
2507 2952 2796 3034 Agrippae

907 3045 1095 3105 filium
1130 3045 1293 3105 Julia
1336 3050 1586 3126 peperit,
1631 3050 1734 3128 qui
1779 3049 1996 3109 Lucius
2035 3057 2128 3108 est
2172 3048 2521 3129 appellatus.
2607 3048 2796 3110 Hunc

906 3161 1039 3201 cum
1065 3142 1245 3201 fratre
1273 3142 1427 3203 Caio
1451 3145 1651 3205 statim
1679 3144 1990 3224 adoptavit
2014 3144 2240 3215 Caesar,
2269 3167 2374 3225 per
2389 3166 2470 3204 aes
2495 3154 2558 3205 et
2582 3146 2796 3205 libram

908 3258 945 3297 a
969 3248 1134 3318 patre
1160 3249 1371 3310 erutos,
1417 3241 1601 3301 veteri
1641 3262 1838 3302 more:
1880 3244 2153 3301 tutiorem
2195 3263 2260 3301 se
2299 3242 2558 3303 futurum
2595 3244 2672 3303 ab
2703 3245 2794 3303 in-

906 3334 1069 3393 sidiis
1112 3345 1292 3405 ratus,
1336 3338 1384 3395 si
1426 3337 1694 3416 pluribus
1733 3338 2104 3397 munimentis
2149 3340 2454 3399 insisteret.
2537 3338 2798 3400 Virtutis

908 3429 1046 3489 inde
1066 3440 1127 3488 et
1140 3428 1409 3491 Honoris
1426 3430 1784 3503 solennibus,
1799 3432 1956 3511 quod
1979 3434 2349 3494 incommodo
2359 3442 2620 3515 tempore
2641 3436 2798 3497 cele-

908 3524 1248 3594 brabantur,
1279 3527 1459 3585 alium
1478 3528 1694 3587 exinde
1713 3527 1870 3588 diem
1889 3530 2213 3600 constituit.
2283 3530 2450 3590 Viris
2473 3532 2797 3611 triumpha-

909 3618 1065 3679 libus
1108 3630 1314 3679 auctor
1352 3621 1464 3681 fuit
1507 3624 1702 3702 operis
1741 3622 1997 3702 alicujus
2035 3624 2338 3685 excitandi
2375 3626 2451 3686 de
2479 3628 2794 3697 manubiis,

909 3736 1050 3794 quo,
1095 3736 1232 3775 cum
1272 3718 1457 3778 Urbis
1489 3730 1723 3791 ornatu,
1765 3730 2059 3799 gestorum
2103 3725 2445 3783 memoriam
2486 3734 2795 3803 perpetua-

908 3820 1072 3870 rent:
1116 3811 1420 3893 multaque
1448 3836 1486 3873 a
1509 3816 1710 3874 multis
1735 3826 2037 3878 exstructa
2060 3828 2214 3877 sunt.

991 3914 1090 3968 46.
1118 3908 1346 3969 Eodem
1366 3932 1522 3971 anno
1550 3910 1722 3972 ludos
1745 3913 2056 3973 saeculares
2073 3915 2297 3994 ingenti
2319 3926 2605 3996 apparatu
2631 3914 2795 3987 fecit,

912 4024 1059 4083 quos
1084 4010 1401 4067 centesimo
1442 4028 1680 4088 quoque
1713 4028 1866 4069 anno
1899 4011 2018 4087 (his
2054 4012 2209 4071 enim
2235 4013 2496 4071 terminis
2518 4011 2796 4073 saeculum

912 4101 1279 4177 terminatur)
1320 4104 1445 4163 fieri
1476 4124 1622 4163 mos.
1708 4092 1864 4165 Sane
1909 4107 2014 4167 hos
2047 4109 2200 4168 inter
2234 4108 2424 4180 ludos,
2461 4119 2524 4170 et
2561 4119 2800 4189 quartos

1494 4301 1523 4331 ⁸*
1562 4302 1625 4352 A.
1651 4302 1717 4353 U.
1744 4304 1804 4355 C.
1825 4308 1942 4354 ⁷8⁶.
2007 4304 2073 4355 A.
2097 4304 2158 4356 C.
2183 4308 2260 4355 17.
