3159 4959
545 353 719 419 5782

1515 370 1586 419 Τ.
1631 370 1856 419 mvn·

872 514 1045 593 gotiis
1088 512 1445 574 deliberatio
1478 520 1600 583 ωε,
1649 532 1896 592 quorum
1941 531 2050 591 ego
2099 511 2367 572 omnibus
2389 510 2534 571 istis
2575 508 2763 581 annis,-

873 610 1086 687 quibus
1129 618 1193 668 tu
1236 618 1371 669 c'um
1415 608 1670 669 Caesaris
1709 610 1980 669 hostibus
2019 608 2462 689 pugnassusum
2483 606 2766 686 ·aliquem

872 725 1215 785 comparare
1234 706 1415 766 debui
1438 727 1455 775 ;
1486 726 1600 765 non
1627 709 1898 777 verebor,
1923 708 2234 767 borracum
2263 724 2408 785 pace
2427 714 2554 775 tua,
2581 706 2660 763 ab
2678 701 2770 762 his

875 822 1007 880 quae
1048 802 1161 859 tibi
1202 802 1331 861 visa
1364 809 1501 860 sunt
1534 800 1860 872 discedere,
1909 802 2000 861 M.
2037 800 2332 882 Agrippa.
2417 799 2558 859 Nec
2603 800 2768 859 aliud

875 918 1227 977 magnopere
1278 896 1592 978 proferam,
1647 918 1825 977 quam
1867 901 2038 977 cujus
2085 899 2213 977 ipsa
2243 916 2350 957 ,me
2401 896 2770 976 experientia

878 993 1205 1064 admonuit,
1244 994 1439 1053 multa
1482 994 1732 1053 subinde
1778 1002 2128 1063 tentantem,
2168 990 2466 1073 quomodo
2511 991 2773 1051 homines

486 1128 491 1133 -
584 1090 702 1141 Tac.
721 1088 853 1137 1³5⁸*-
875 1110 987 1150 uec
1038 1089 1118 1149 ad
1171 1091 1505 1149 libertatem
1566 1090 1876 1169 integram,
1935 1110 2044 1149 nec
2111 1089 2192 1149 ad
2249 1089 2588 1149 servitutem
2643 1078 2773 1149 nati

558 1172 596 1203 r.
628 1159 707 1204 16.

878 1196 1227 1265 regerentur.
1312 1185 1379 1245 N
1382 1207 1457 1246 on
1498 1196 1696 1245 autem
1737 1189 1967 1257 metue,
1997 1194 2084 1245 ·ut
2118 1186 2264 1245 mihi
2293 1183 2418 1245 ·des
2453 1184 2634 1244 libere
2681 1183 2774 1243 lo-

876 1282 1097 1363 quendi
1132 1284 1606 1362 veniam,'quam
1638 1292 1888 1361 uterque
1923 1284 2032 1343 nisi
2077 1282 2247 1341 nobis
2283 1302 2324 1341 a
2363 1282 2600 1340 Caeeare
2635 1282 2772 1361 pol-

880 1378 1206 1449 liceremur,
1234 1371 1423 1457 neque
1448 1387 1514 1437 tu
1539 1379 1722 1439 verba
1745 1380 1914 1439 hunc*
1929 1380 1990 1438 iu
2017 1376 2546 1447 modum‘fecisses,
2581 1386 2774 1459 neque

881 1474 1141 1535 facturus
1166 1494 1279 1553 ego
1302 1494 1507 1535 essem.
1707 1546 1710 1551 Ι

966 1578 1064 1630 80.
1108 1581 1125 1607 ‘
1146 1570 1345 1630 Plane
1372 1570 1537 1630 locus
1558 1570 1685 1641 ille,
1711 1572 1814 1649 qui
1841 1571 1954 1630 tibi
1975 1570 2224 1631 tuendus
2241 1570 2602 1641 est,·Caesar,
2625 1576 2772 1651 prael:

882 1687 1024 1748 ceps
1048 1676 1139 1727 est
1160 1678 1223 1727 et
1248 1667 1526 1738 lubricus,
1554 1676 1628 1726 et·
1640 1668 1828 1727 cuivis
1855 1669 2064 1747 impari
2087 1667 2316 1727 futurus
2339 1668 2676 1744 ignomiuiae
2703 1666 2776 1726 a‘c

882 1763 1051 1821 exitii
1078 1782 1294 1830 cauam
1340 1782 1531 1842 neque
1558 1761 1948 1842 postulandus
1985 1764 2285 1842 cuiquam,
2313 1762 2410 1821 cui
2443 1781 2644 1821 secure
2671 1762 2774 1821 'de-

884 1878 1021 1937 gere
1048 1859 1107 1916 in
1134 1859 1283 1917 bene
1308 1859 1628 1917 constituta
1655 1858 1962 1938 republica
1987 1859 2435 1938 permitteretur.
2495 1858 2776 1917 Ceterum

884 1958 1001 2015 n'on
1026 1974 1101 2013 ea
1122 1963 1259 2013 aunt
1285 1954 1483 2013 Urbis·
1494 1962 1706 2014 nostrae
1731 1964 2020 2034 tempora,
2050 1954 2252 2013 ut'hoc
2289 1974 2522 2033 sperare
2557 1952 2773 2013 liceat:

882 2060 965 2119 et,
1013 2048 1509 2128 quemadmodum
1558 2051 1921 2129 parentibuS,
1969 2050 2198 2129 quoties
2241 2052 2405 2109 senio
2451 2048 2773 2128 desipiunt,

882 2148 1213 2206 necessaria
1237 2145 1425 2205 tutela
1453 2147 1766 2206 liberorum
1793 2156 1914 2215 est;
1959 2148 2044 2210 sic
2069 2149 2248 2206 etiam
2275 2150 2470 2227 patria
2485 2139 2784 2215 vetustate.

882 2242 1117 2311 debilis,
1146 2242 1405 2300 moribus
1430 2262 1610 2319 oegra,
1637 2242 1986 2301 tumultibus
2011 2243 2300 2322 bellisque
2325 2244 2600 2302 civilibus
2637 2248 2778 2302 con'·

882 2358 1074 2408 cussa,
1122 2337 1426 2399 custodem
1465 2337 1785 2407 desiderat,
1831 2340 2000 2417 cujus
2053 2339 2156 2418 pia
2201 2339 2590 2417 prudentique
2633 2344 2777 2399 cura

882 2435 1254 2511 gubernetur.
1340 2432 1505 2491 Nam
1533 2454 1608 2492 ea
1633 2454 1766 2512 quae
1789 2433 1865 2492 de
1901 2434 2460 2514 rerumpublicarum
2487 2436 2656 2493 bonis
2685 2434 2774 2493 M.

888 2529 1162 2609 Agrippa
1188 2530 1511 2609 proposuit,
1539 2530 1598 2587 in
1639 2538 1837 2588 nostra
1873 2530 2066 2589 locum
2109 2530 2386 2589 habitura
2422 2549 2536 2588 non
2571 2530 2775 2590 existi-

858 2644 999 2717 λιιιο.
1087 2623 1185 2683 De
1213 2625 1387 2683 rebus
1410 2624 1858 2702 hominibusque
1885 2644 1998 2683 non
2027 2626 2238 2703 ignotis
2263 2625 2579 2704 loquimur.
2643 2626 2777 2684 Ari-

884 2721 1056 2797 tiqua
1098 2718 1205 2778 illa
1242 2719 1590 2795 magnitudo
1636 2720 1838 2790 animi,
1885 2722 2210 2799 integ-ritas,
2267 2721 2577 2793 modestia,
2635 2722 2774 2782 olim

884 2815 1099 2873 amissa
1122 2824 1293 2875 sunt:
1338 2834 1443 2895 pro
1470 2815 1809 2875 innocentia
1834 2818 2090 2896 priorum
2125 2828 2477 2898 temporum,
2501 2840 2608 2899 pro
2631 2825 2777 2900 pau-

886 2919 1133 2990 pertate,
1182 2912 1466 2990 patientia
1510 2910 1751 2983 laboris,
1795 2912 2158 2990 frugalitate,
2205 2916 2472 2985 ambitio,
2521 2914 2777 2986 luxuria,

884 3006 1220 3085 'voluptates
1269 3008 1658 3069 invaluerunt.
1763 3008 1886 3067 His
1934 3029 2044 3089 pro
2094 3030 2156 3069 se
2209 3013 2458 3090 quisque
2510 3010 2782 3071 omnibuis

886 3104 1109 3163 viribus
1146 3105 1344 3174 servit,
1373 3104 1515 3163 dum
1541 3106 1670 3165 haec
1691 3104 1861 3166 salva
1893 3107 2008 3165 sibi
2046 3118 2345 3177 maneant,
2375 3108 2519 3166 nihil
2543 3118 2779 3169 curatu-

860 3200 1004 3270 rus,
1054 3199 1339 3279 quicquid
1390 3201 1726 3280 respublica
1774 3202 1982 3261 durum
2033 3202 2454 3283 indignumque
2502 3208 2779 3285 patiatur.

890 3295 1108 3374 Neque
1148 3294 1553 3356 tantummodo
1593 3296 1742 3356 tales
1781 3300 1888 3377 ipsi
1929 3310 2103 3367 sunt3
2147 3300 2251 3359 sed
2305 3300 2642 3361 melioribus
2691 3306 2780 3360 iii-

886 3391 1132 3461 docileS,
1168 3400 1229 3451 et
1260 3394 1501 3471 optimae
1530 3393 1744 3471 cuique
1777 3396 2101 3465 sententiae,
2131 3398 2182 3455 si
2217 3397 2370 3455 vires
2403 3396 2636 3468 dentur,
2674 3398 2782 3457 ad-

889 3487 1191 3547 versaturi.
1279 3488 1374 3545 At
1410 3488 1523 3546 hoc
1572 3488 1805 3565 ingenio
1843 3492 1948 3568 qui
1981 3500 2138 3561 sunt,
2185 3493 2296 3549 uisi
2342 3492 2781 3571 prudentiorum

890 3583 1240 3641 auctoritate
1275 3584 1710 3654 contineantur,
1733 3604 1912 3664 seque
1937 3594 2000 3644 et
2024 3584 2174 3645 alios
2191 3584 2464 3646 celeriter
2495 3582 2785 3647 maximas

892 3680 953 3737 in
980 3676 1349 3738 calamitates
1372 3681 1750 3757 conjecerint.
1837 3677 2000 3741 Hinc
2041 3682 2216 3759 igitur
2249 3684 2506 3742 maxime
2548 3698 2660 3744 res·
2681 3688 2782 3744 c‘o·

892 3794 1027 3853 gere
1054 3784 1135 3845 te,
1162 3774 1388 3845 Caesar,
1414 3776 1616 3846 debet,
1643 3786 1709 3836 ut
1735 3779 2041 3857 perituros,
2065 3779 2112 3837 si
2139 3780 2250 3839 sibi
2275 3780 2700 3860 relinquantur,
2721 3781 2786 3839 et

894 3880 955 3929 te
982 3890 1217 3950 quoque
1242 3892 1439 3931 secum
1466 3881 1527 3931 et
1549 3873 1854 3952 republica
1891 3874 2238 3953 perdituros,
2267 3877 2383 3935 tuis
2407 3876 2625 3953 vigiliis
2651 3882 2783 3935 tua-

894 3962 1011 4045 que
1038 3968 1399 4046 providentia
1425 3988 1637 4028 serves.

974 4069 1074 4121 31.
1116 4072 1134 4098 ⁶
1156 4062 1286 4123 Hic
1312 4064 1361 4121 si
1387 4065 1518 4143 quis
1542 4086 1580 4124 a
1607 4085 1702 4124 me
1729 4065 1806 4124 ad
1833 4067 2169 4146 voluptates
2203 4068 2654 4147 fruitionemque
2677 4068 2784 4127 de·-

898 4154 1188 4229 liciarum,
1214 4158 1363 4239 quas
1386 4168 1661 4239 praestare
1695 4182 1920 4222 summa
1953 4162 2188 4224 fortuna
2214 4164 2469 4234 videtur,
2497 4165 2695 4225 vocari
2723 4171 2785 4222 te
