3159 4959
580 408 756 475 5804
1528 423 1596 468 τ.
1647 422 1836 469 mvn

904 586 1031 625 rum
1060 567 1137 625 ab
1164 566 1592 645 antiquioribus
1608 565 1826 625 tradita
1847 584 2080 625 narrare
2101 564 2369 624 videtur:
2413 575 2476 625 et
2493 565 2596 644 qui
2619 564 2802 643 Mag·

906 682 983 720 no
1008 661 1363 721 Alexandro
1386 663 1608 721 assidui
1631 662 1948 722 consiliarii
1977 663 2168 721 vicem
2199 662 2452 721 Homeri
2479 682 2660 743 opera
2685 662 2800 719 cir·

904 766 1269 835 cumgestata
1312 758 1716 827 meminerunt,
1760 778 1876 817 non
1911 758 2228 817 admodum
2265 758 2628 817 mirabuntur
2655 756 2800 815 Vir-

906 852 1113 930 gilium
1154 852 1453 931 Augusto,
1504 854 1606 933 qui
1639 874 1830 933 neque
1866 874 1929 913 se
1969 853 2122 913 infra
2157 852 2580 913 Alexandrum
2620 852 2800 921 sorte,

906 968 1101 1028 neque
1142 948 1485 1010 Romanum
1530 960 1724 1009 vatem
1759 949 1914 1009 infra
1957 950 2212 1011 Homeri
2245 950 2494 1028 gloriam
2539 958 2802 1030 poneret,

908 1044 1181 1105 idoneum
1208 1047 1419 1115 visum,
1442 1050 1616 1126 cujus
1639 1047 1986 1107 senteutiam
2013 1047 2072 1105 iu
2097 1067 2161 1106 re
2179 1044 2402 1107 difficili
2425 1047 2800 1127 exquireret:

614 1168 830 1216 Macrob.
905 1141 1181 1202 foecundo
1208 1145 1441 1221 iugenio
1480 1144 1698 1213 virum,
1725 1151 1787 1203 et
1829 1145 1950 1203 acri
1981 1153 2382 1224 perpetuaque
2417 1143 2802 1203 meditatione

581 1233 683 1280 Sat.
707 1250 743 1282 ¹·
764 1236 845 1283 2⁴¹·
904 1260 1093 1298 rerum
1122 1240 1505 1299 humanarum
1530 1240 1731 1300 exacti
1741 1240 1958 1318 judicii
1983 1260 1997 1299 τ
2039 1240 2200 1319 quod
2227 1260 2364 1299 usus
2380 1241 2584 1310 etiam,
2611 1240 2804 1301 multa

904 1334 1157 1396 videndo
1183 1356 1255 1396 ac
1282 1336 1575 1395 audiendo
1601 1336 1890 1415 quotidie,
1907 1337 2096 1396 multa
2113 1335 2390 1415 legendo,
2405 1334 2799 1396 confirmaret.

980 1437 1081 1493 72.
1128 1431 1227 1491 Ex
1254 1434 1472 1513 quibus
1497 1434 1868 1493 historiarum
1895 1434 2152 1493 maxime
2179 1432 2360 1492 lectio
2383 1441 2666 1511 quantum
2693 1452 2800 1491 va-

578 1557 861 1671 Δῗιωρὲἒ·
901 1524 1536 1683 :fsssseimffmoffidA
1546 1527 2565 1683 lexanqrtiaconisqetuffi‘dectilaravit,
2593 1528 2698 1637 qui
2719 1529 2800 1587 ad

648 1638 722 1672 α·
828 1640 876 1672 v.
942 1643 1021 1681 ei
1102 1644 1169 1682 ra
1216 1644 1388 1683 onem
1476 1644 1509 1683 e
1550 1644 1614 1683 re
1657 1644 2116 1683 munuera
2247 1644 2280 1683 e
2333 1644 2452 1693 am,
2495 1644 2554 1682 m
2639 1644 2806 1685 rimis

582 1690 662 1734 ¹⁶·
902 1720 1007 1797 qui
1050 1720 1353 1779 historiam
1394 1730 1626 1788 norant,
1666 1720 1884 1779 utiliter
1923 1720 2206 1781 adhibere
2243 1721 2566 1781 consuevit.
2601 1644 2801 1779 ¹'Nou

902 1822 1167 1893 tempero
1193 1815 1357 1885 mihi,
1387 1817 1529 1894 quin
1565 1815 1684 1876 fide
1717 1817 1956 1877 minime
1993 1817 2200 1877 incerti
2229 1817 2507 1887 auctoris,
2545 1836 2660 1875 non
2689 1816 2800 1873 ab·

902 1909 1139 1969 horrens
1164 1912 1543 1991 presentibus
1574 1911 1912 1991 exemplum
1935 1932 2011 1973 ex
2051 1913 2363 1973 recentiori
2402 1920 2580 1972 etate
2616 1913 2801 1971 ascri-

902 2004 1065 2063 bam.

612 2124 761 2171 Hem.
983 2107 1081 2162 ¹73.
1126 2102 1397 2163 Avorum
1438 2107 1722 2165 memoria
1763 2104 2094 2175 Brimaeus,
2131 2103 2392 2163 Gallicoe
2421 2102 2644 2163 militiae
2671 2122 2794 2161 ma-

574 2188 878 2300 ξὲξβῑὲςξῖζέἑ·
900 2194 1101 2272 gister,
1144 2207 1561 2277 praeceptorem
1601 2200 1912 2259 liberorum
1959 2200 2390 2261 Buchananum
2431 2206 2662 2279 poetam
2687 2198 2798 2257 ha-

582 2332 663 2378 pp.
674 2286 803 2367 ἰωὴ
900 2292 1049 2351 buit.
1136 2292 1386 2355 Accidit
1412 2306 1499 2363 ut,
1526 2297 1834 2357 consilium
1859 2297 1936 2357 de
1955 2296 2130 2356 rebus
2143 2294 2375 2355 bellicis
2395 2304 2606 2371 agente
2630 2293 2800 2353 Bris-

582 2386 691 2431 1⁶4.
896 2406 1058 2457 saon,
1092 2387 1489 2450 Buchauanus
1514 2394 1573 2451 in
1601 2394 1939 2471 contiguum
1959 2393 2014 2450 ei
2035 2392 2170 2451 loco
2189 2390 2577 2461 coenaculum,
2599 2392 2800 2451 nescio

898 2485 1043 2563 quid
1087 2486 1471 2566 imperaturus
1513 2488 1772 2559 famulis,
1812 2488 2216 2549 descenderet.
2303 2486 2402 2546 Ibi
2429 2486 2580 2547 forte
2607 2487 2801 2547 verbis

899 2579 1130 2658 aliquot
1154 2578 1440 2661 exceptis,
1468 2594 1612 2644 nutu
1641 2595 1818 2663 atque
1841 2604 2132 2645 murmure
2147 2585 2498 2644 sententiam
2523 2582 2797 2662 repudia-

898 2674 1027 2743 bat,
1046 2696 1181 2754 quae
1200 2686 1325 2737 tum
1346 2682 1640 2738 communi
1661 2683 1918 2739 omnium
1941 2700 2228 2740 consensu
2245 2690 2374 2741 erat
2389 2680 2796 2760 comprobata.

900 2769 1090 2830 Risus
1112 2792 1341 2841 eorum,
1368 2776 1473 2851 qui
1500 2775 1614 2834 hoc
1637 2775 1932 2845 viderant,
1961 2776 2306 2837 Brissacum
2331 2776 2542 2847 movit,
2567 2786 2634 2835 ut
2655 2795 2798 2837 cau-

894 2885 1019 2925 sam
1040 2868 1171 2944 ejus
1184 2869 1535 2947 inquirerem
1568 2872 1988 2951 intellectaque
2007 2892 2093 2943 re,
2113 2874 2312 2933 vocari
2335 2871 2794 2941 Buchananum,

896 2972 958 3023 et
980 2982 1323 3042 expromere
1340 2966 1583 3043 juberet
1609 2968 1918 3049 intrepide,
1947 2967 2090 3047 quid
2117 2969 2298 3046 igitur
2329 2967 2445 3027 sibi
2479 2966 2792 3027 videretur.

895 3058 1050 3117 Tum
1094 3078 1233 3119 vero
1278 3062 1427 3121 inter
1471 3063 1784 3124 multorum
1825 3064 2246 3145 stipendiorum
2286 3063 2468 3123 duces
2500 3064 2586 3123 ita
2610 3062 2794 3123 disse-

896 3155 1073 3217 ruisse
1098 3176 1233 3217 eum
1274 3156 1493 3229 serunt,
1534 3180 1860 3242 causasque
1899 3161 2210 3240 arguendae
2255 3162 2464 3241 prioris
2485 3162 2796 3223 sententiae

896 3251 1205 3329 protulisse
1230 3262 1353 3313 tam
1378 3253 1670 3329 efficaces,
1699 3263 1788 3325 ut,
1815 3278 1888 3317 ea
1913 3260 2158 3337 rejecta,
2185 3256 2494 3317 consilium
2515 3258 2644 3334 ejus
2661 3258 2796 3316 uni-

898 3350 1047 3407 versi
1070 3360 1469 3428 sequerentur.
1554 3352 1676 3413 Sed
1705 3353 1782 3413 ad
1809 3356 2112 3415 historiam
2140 3352 2339 3413 redeo.

571 3450 689 3501 Dio.
974 3450 1075 3506 74.
1122 3444 1345 3515 Caesar,
1396 3448 1644 3527 probata
1693 3449 2044 3511 Maecenatis
2083 3450 2397 3517 sententia,
2431 3466 2546 3507 non
2593 3458 2792 3507 tamen

892 3545 1061 3597 tanta
1084 3539 1259 3598 simul
1286 3544 1577 3601 movenda
1594 3554 1775 3615 ratus,
1797 3546 2070 3624 quaedam
2089 3545 2288 3605 statim
2307 3544 2557 3603 instituit
2575 3564 2750 3622 agere
2770 3565 2788 3612 3

894 3632 1063 3712 plura
1104 3654 1379 3696 successu
1426 3642 1703 3719 temporis
1737 3642 2098 3701 introduxit:
2161 3640 2440 3701 nonnulla
2483 3648 2546 3699 et
2581 3639 2662 3699 ad
2697 3660 2792 3700 se-

891 3731 1197 3807 quentium
1224 3732 1640 3812 imperatorum
1667 3758 1840 3798 curas
1865 3738 2206 3797 transmissa
2229 3746 2382 3797 sunt.
2465 3736 2708 3801 Quibus
2733 3736 2790 3793 in

892 3826 1065 3885 rebus
1088 3829 1361 3889 omnibus
1380 3830 1657 3912 Agrippa
1677 3843 2076 3915 perstrenuum
2095 3842 2156 3893 et
2173 3832 2356 3893 fidum
2385 3831 2788 3892 administrum

890 4007 991 4055 tori
1036 4008 1397 4061 obscurissimo
1439 4020 1495 4061 et
1537 4015 1806 4065 vanissimo
1877 4025 2099 4073 eeteros,
2124 4016 2315 4079 ingenii
2349 4015 2502 4065 laude
2534 4026 2790 4062 commen-

890 4070 1091 4120 credat.
1163 4074 1346 4137 Neque
1378 4090 1499 4125 vero
1540 4080 1640 4128 linc
1680 4078 1807 4129 facit
1878 4082 2046 4137 datos.
2069 4082 2204 4130 viros
2267 4088 2349 4129 ost
2385 4078 2496 4128 fata
2527 4079 2784 4141 prosequi·

889 4138 1185 4199 exemplum
1210 4138 1497 4190 Alexandri
1518 4142 1804 4193 Homerum
1878 4154 1966 4194 tur
2007 4147 2188 4209 gloria,
2223 4094 2374 4208 §eiiam
2412 4144 2641 4192 viventes
2675 4156 2787 4193 eos-

892 4212 1040 4272 poegie
1068 4206 1380 4253 venerantis.
1439 4207 1611 4269 Longe
1645 4210 1807 4271 major
1877 4209 1996 4260 dem
2021 4212 2318 4261 connitatur.
2357 4208 2497 4258 Cre-v.

890 4272 1073 4326 poetas
1112 4265 1357 4331 insignes,
1380 4271 1732 4351 philosophos..
1752 4284 1808 4323 et
