3159 4959
794 454 1003 503 mam
1052 454 1417 505 cxxxiii,
1450 454 1642 507 surr
1665 456 2110 507 mensurum.
2389 442 2564 509 5763

328 616 443 675 que
493 596 609 657 hoc
658 618 843 675 genus
892 599 1055 678 prius
1102 600 1282 659 etiam
1336 608 1640 679 usurpata,
1692 598 1906 659 referre
1933 634 1942 643 ·
1965 598 2232 679 putidum

325 690 524 753 fuerit.
606 693 870 755 Titulum
906 695 1249 773 inscriptum
1284 696 1463 765 basi?
1500 714 1618 755 non
1655 696 1740 753 ita
1773 696 2002 775 pridem
2037 714 2231 774 reper-
2293 696 2460 759 Sigon.

326 796 453 849 tum
492 787 729 859 Romae,
756 800 1037 851 annotare
1065 810 1177 851 non
1208 792 1426 871 pigeat.
1514 805 1852 851 anATus.
1883 806 2232 851 poponus·
2255 759 2531 875 ffffjff‘·

328 900 493 957 QUE.
546 902 917 949 Ronanus.
966 903 1123 947 mr.
1174 902 1471 949 CAESARI.
1520 902 1699 947 D1v1.
1746 903 1922 949 suu.
1974 904 2035 945 ιτ.
2080 902 2228 947 cos,

326 998 623 1052 Qumc'r.
666 998 813 1043 cos.
854 996 1087 1045 misto.
1128 1000 1327 1047 stT.
1372 1000 1523 1046 ΙΜΡ.
1566 1000 1760 1043 SEPT.
1805 998 2226 1045 REPUBLICA.

326 1094 821 1140 CONSERVATA.
908 1080 1069 1139 Haec
1094 1089 1229 1160 post
1258 1080 1579 1140 Actiacum
1607 1079 1876 1159 praelium
1899 1080 2157 1141 decreta.
2255 1095 2370 1146 Dio.

402 1180 501 1236 76.
547 1175 883 1254 Postquam
926 1184 1122 1235 autem
1166 1177 1361 1235 obisse
1389 1175 1724 1235 Antonium
1765 1176 2046 1246 innotuit,
2081 1175 2230 1235 alius

324 1290 559 1350 quoque
600 1272 679 1331 de
716 1272 1019 1351 AEgyptiis
1052 1272 1384 1351 triumphus
1413 1271 1688 1355 decretus
1725 1280 1834 1341 est,
1873 1273 2016 1349 quia
2052 1292 2126 1331 ne
2151 1272 2228 1333 de

323 1367 431 1427 illo
456 1368 868 1447 triumpharet,
890 1370 1107 1427 nomini
1130 1368 1411 1427 Romano
1430 1369 1803 1447 parcebatur.-
1873 1366 2022 1433 Dies
2045 1368 2226 1429 etiam

323 1462 721 1523 Alexandriae
745 1474 939 1542 captae
964 1462 1185 1523 relatus
1212 1464 1363 1523 inter
1388 1463 1591 1535 festos,
1617 1473 1681 1524 et
1705 1465 1782 1523 ab
1810 1464 1924 1523 hac
1947 1464 2226 1543 deinceps
2275 1464 2553 1517 vid-Ueser-

320 1558 593 1637 AEgyptii
646 1568 913 1639 tempora
962 1578 1074 1619 sua
1124 1569 1467 1639 computare
1510 1560 1686 1639 jussi.
1773 1558 1943 1619 Data
1991 1560 2224 1639 insuper
2250 1530 2556 1646 ssnnff'mafnd.

322 1666 583 1736 potestas
622 1659 678 1716 ei
716 1658 1021 1719 tribunitia
1062 1668 1369 1737 perpetua,
1404 1660 1493 1718 sic
1532 1660 1820 1739 ampliato
1855 1661 2014 1737 jure,
2043 1668 2110 1719 ut
2145 1659 2222 1719 ad
2249 1664 2396 1710 ³9⁷⁴·
2437 1659 2552 1709 Dio.

322 1752 485 1813 mille
522 1774 725 1833 passus
760 1764 933 1813 extra
972 1754 1311 1833 pomoerium
1352 1754 1644 1835 appellari
1685 1764 1918 1835 posset:
1951 1756 2224 1833 jussique

320 1848 653 1909 sacerdotes
686 1860 749 1909 et
777 1849 1081 1920 Vestales,
1108 1851 1337 1929 quoties
1359 1860 1501 1911 vota
1540 1871 1648 1931 pro
1671 1860 1878 1911 senatu
1903 1860 1968 1910 et
2003 1851 2224 1930 populo

320 1945 707 2024 susciperent,
754 1945 932 2005 etiam
978 1966 1083 2025 pro
1133 1947 1371 2005 casare
1416 1946 1634 2005 facere.
1721 1946 1826 2015 Et,
1872 1966 1946 2005 ne
1991 1955 2225 2025 tempus

320 2040 509 2099 ullum
536 2051 643 2101 aut
666 2041 833 2101 locus
858 2041 1143 2101 bonorum
1168 2044 1298 2120 ejus
1322 2062 1533 2123 expers
1566 2051 1742 2112 esset,
1771 2044 1920 2101 inter
1945 2043 2066 2103 alia
2089 2064 2224 2121 quae

322 2148 630 2216 praetereo,
658 2147 727 2197 ut
753 2138 811 2197 in
838 2138 1155 2207 conviviis,
1185 2158 1295 2197 nec
1322 2137 1579 2219 publicis
1605 2137 1804 2209 modo,
1829 2139 1932 2199 sed
1958 2140 2224 2219 privatis,
2282 2150 2400 2198 Hor.

320 2236 375 2293 ei
402 2234 706 2303 libaretur,
734 2242 975 2293 senatus
1006 2234 1255 2292 censuit.
1342 2233 1618 2293 Maxime
1655 2232 1998 2295 delectabat
2035 2236 2222 2294 homi-
2249 2216 2550 2329 cffi‘g‘·;¹¹'1·⁵·

319 2350 444 2401 nes,
470 2329 631 2409 quod
668 2330 729 2387 in
764 2330 993 2388 scriniis
1023 2329 1277 2389 Antonii
1312 2338 1571 2409 repertas
1605 2328 1804 2389 literas
1837 2332 2224 2391 combussisse
2249 2344 2332 2393 fin.
2383 2318 2396 2336 ⁹

320 2426 653 2487 dicebatur.
740 2425 1103 2502 Quanquam
1154 2423 1351 2504 plures
1396 2424 1618 2485 callide
1671 2434 1969 2485 servarat:
2011 2426 2226 2503 quibus

318 2523 499 2583 etiam
544 2520 939 2600 postmodum,
967 2520 1071 2579 ubi
1112 2540 1264 2599 opus
1310 2530 1562 2600 putaret,
1609 2523 1700 2581 uti
1743 2541 1858 2581 non
1903 2520 2220 2582 dubitavit.

321 2618 551 2677 Eodem
580 2637 733 2677 auno
768 2616 837 2674 L.
870 2615 1144 2677 Statilius
1168 2616 1403 2676 Taurus
1428 2618 1922 2697 amphitheatrum
1949 2619 2010 2676 in
2039 2618 2219 2678 Carn-
2277 2638 2474 2688 Sueton.

318 2738 397 2797 po
442 2716 563 2775 suis
604 2712 883 2793 impensis
925 2712 1193 2792 perfecit,
1216 2722 1281 2772 et
1326 2715 1381 2773 in
1426 2716 1557 2791 ejus
1593 2714 1970 2777 dedicatione
2011 2736 2222 2775 munus
2245 2702 2379 2814 ffi'oss·
2391 2706 2478 2814 ff·

316 2811 735 2889 gladiatorium
780 2809 1091 2869 exhibuit:
1134 2828 1351 2869 novum
1399 2810 1535 2871 inde
1578 2812 1860 2871 honorem
1907 2810 2220 2890 plebiscito
2351 2800 2366 2823 ⁹
2451 2800 2465 2815 ⁰

317 2908 587 2987 adeptus,
616 2915 683 2965 ut
701 2906 1017 2985 quotannis
1040 2914 1313 2985 praeturae
1338 2907 1722 2968 candidatum
1747 2926 1950 2977 unum,
1977 2908 2102 2967 sine
2129 2929 2216 2967 re·

316 3003 489 3083 pulsa
512 3002 830 3063 creandum
858 3002 1317 3063 commendaret.

396 3106 495 3163 77.
542 3096 833 3166 Kalendis
881 3096 1098 3157 deinde
1150 3097 1471 3165 san-iuriis,
1519 3099 1738 3178 quibus
1789 3098 1994 3158 Caesar
2047 3098 2212 3158 Sami
2237 3088 2468 3205 Assetg'g·

315 3197 581 3274 quintum
606 3193 835 3263 consul,
864 3192 1081 3251 Romae
1122 3192 1269 3253 Sex.
1300 3192 1600 3275 Apuleius
1627 3193 1774 3254 Sex.
1806 3194 1878 3253 F.
1907 3195 2212 3261 inierunt?
2239 3169 2367 3269 Dios:
2462 3189 2476 3202 ’

316 3292 374 3351 in
414 3293 547 3371 ejus
592 3301 729 3363 acta
762 3292 1073 3367 juratum:
1114 3298 1197 3357 et,
1242 3290 1519 3368 quoniam
1566 3289 1642 3348 de
1689 3290 1866 3349 rebus
1913 3289 2219 3348 Parthicis

317 3387 501 3447 literae
541 3388 621 3446 ab
657 3406 731 3447 eo
768 3393 1072 3453 venerant,
1098 3384 1403 3445 decretum
1443 3394 1461 3421 ‘
1486 3394 1550 3447 ut
1589 3385 1740 3445 inter
1777 3384 2016 3447 nomina
2053 3384 2216 3443 Deo-

314 3502 441 3545 rum
465 3482 681 3545 Saliari
705 3482 965 3543 carmine
989 3480 1421 3545 celebraretur:
1466 3482 1652 3541 tribus
1675 3502 1752 3541 ex
1780 3484 1912 3562 ejus
1926 3480 2218 3542 vocabulo

314 3578 487 3640 fieret
502 3578 543 3638 J
548 3580 705 3640 ulia:
750 3586 1061 3640 coronatus
1082 3586 1377 3657 spectaret
1402 3577 1612 3638 ludos:
1653 3588 1972 3647 senatores,
2001 3578 2218 3657 quibus
2300 3635 2308 3641 .

314 3677 684 3757 adjutoribus
708 3676 931 3737 bellum
968 3675 1335 3744 confecisset,
1364 3695 1600 3735 currum
1625 3676 2042 3756 triumphantis
2057 3694 2230 3755 ‚prat-0
2325 3730 2334 3743 ,

314 3776 532 3837 textati
557 3782 971 3854 sequerentur:
1015 3772 1112 3831 die
1150 3772 1419 3832 introitus
1452 3774 1583 3851 ejus
1621 3771 1871 3851 populus
1907 3771 2216 3831 Romanus

310 3870 707 3939 sacrificarem
771 3888 961 3948 eaque
1001 3867 1283 3949 deinceps
1326 3868 1644 3947 quotannis
1667 3868 1856 3929 festa.
1883 3878 2078 3927 esset:
2120 3892 2212 3929 sa·

264 4162 273 4173 ,
312 4112 515 4165 Balbini
554 4112 613 4161 L.
638 4108 809 4159 Saenio
832 4106 1091 4165 attribuit,
1132 4120 1228 4156 nec
1294 4106 1371 4154 lus
1402 4104 1483 4153 hic
1506 4102 1806 4153 referendus
1829 4112 1910 4153 est
1933 4104 1994 4153 ad
2023 4122 2209 4159 annum

312 4178 535 4229 Balbino
568 4176 837 4239 Appianus
875 4188 1057 4221 nomen
1096 4186 1227 4236 prm·
1295 4177 1613 4234 sequentem.
1650 4168 1767 4219 Hoc
1787 4171 1920 4218 enim
1947 4186 2077 4218 anno
2098 4174 2210 4225 Coe.

310 4255 599 4305 nomenque
628 4240 683 4289 L.
708 4238 882 4288 Samii.
920 4240 1057 4286 Grec.
1294 4250 1377 4284 sar
1400 4234 1575 4283 consul
1599 4246 1676 4282 est
1699 4243 1956 4297 quartum.
1985 4238 2123 4285 Cret.

373 4316 401 4342 ¹
422 4304 925 4367 Tuulminscm'ptsm
937 4301 1061 4364 husi]
1081 4300 1228 4350 Titu-
1357 4298 1385 4327 ’
1420 4298 1486 4350 A.
1510 4300 1577 4349 U.
1601 4298 1661 4348 C·
1680 4303 1796 4349 ⁷23.
1862 4300 1925 4350 A.
1954 4302 2012 4352 C.
2032 4306 2116 4351 29.
