3159 4959
656 436 833 503 5968

1564 444 1914 495 nrl‘roufl

660 586 1119 671 compluribus
1146 582 1435 648 ducibus
1468 600 1790 679 prospere
1817 586 2058 664 gestas,
2085 590 2154 645 ct
2181 582 2372 645 initia
2417 580 2586 647 belli
2635 583 2882 651 Macc-

1658 775 1872 827 NOTAE

660 889 790 940 qnos
826 876 993 925 lieres
1028 874 1081 924 in
1120 874 1391 925 consilium
1429 872 1716 923 advocave-

662 960 763 1013 rat,
802 953 1057 1003 neminem
1094 952 1356 1002 censuisse
1390 954 1406 979 ‘
1438 950 1558 1015 plus
1595 950 1716 1000 filine

659 1024 883 1076 dandum
923 1041 1073 1091 quiam
1124 1035 1299 1091 posset
1337 1026 1401 1075 ad
1446 1041 1557 1075 eain
1601 1028 1717 1091 lege

658 1104 890 1152 Voconia
924 1101 1234 1165 pervenire!
1304 1102 1442 1153 Hinc
1472 1117 1595 1152 sane
1627 1116 1714 1167 pa-

659 1185 739 1227 tet
780 1178 1054 1241 pervenire
1092 1178 1159 1229 ad
1205 1192 1317 1231 eam
1356 1178 1551 1243 aliquid
1595 1179 1714 1243 lege

654 1255 888 1305 Voconia
920 1256 1169 1319 potuisse.

720 1330 915 1380 Verum
960 1346 1077 1395 qum
1124 1345 1188 1380 ea
1231 1329 1493 1395 quantitas
1532 1328 1711 1392 fuerit,

654 1408 823 1458 minus
872 1405 1121 1469 expedita
1188 1419 1272 1455 res
1338 1412 1439 1455 est.
1524 1404 1711 1454 Dionis

653 1484 847 1549 quippe
872 1484 1031 1539 locus,
1054 1497 1119 1532 ex
1142 1496 1245 1547 qno
1274 1482 1387 1545 ejus
1422 1482 1497 1531 rei
1529 1478 1711 1530 defini·

654 1560 727 1609 tio
752 1560 860 1622 peti
884 1559 1035 1615 solet,
1062 1558 1397 1621 ambiguitate
1420 1570 1521 1605 non
1545 1564 1710 1607 caret.

653 1634 709 1683 Is
742 1632 832 1683 lib.
857 1646 969 1683 tvl.
1004 1640 1180 1681 narrat
1216 1631 1505 1695 Augustum
1530 1632 1710 1681 mulie·

651 1709 795 1757 ribus
836 1708 1139 1772 quibusdam
1178 1706 1309 1769 legis
1342 1706 1585 1756 Voconia
1624 1722 1708 1757 ve·

651 1782 787 1832 niam
812 1781 1013 1833 fecisse.
1082 1780 1209 1830 Eam
1234 1787 1404 1829 autem
1440 1782 1607 1844 legem
1635 1782 1710 1831 ita

648 1859 895 1923 explicat,
928 1856 1027 1907 καθ’
1058 1855 1115 1905 on
1142 1855 1329 1921 οὖδεμίᾳ
1350 1857 1503 1907 αὐτῶν
1522 1858 1709 1909 οὐδενὸς

652 1936 765 1999 ὑπὲρ
781 1936 862 1987 δύο
881 1936 1028 1997 ἣμισυ
1042 1934 1267 1999 μυριάδας
1284 1935 1445 1986 obolas
1480 1946 1707 1999 κληρονο-

647 2016 755 2073 μεῖν
775 2015 909 2077 etim
935 2014 1073 2079 qnod
1096 2022 1197 2070 est.
1216 2028 1305 2077 per
1322 2030 1460 2076 quani
1480 2014 1706 2079 (legem)

646 2091 768 2139 suun·
799 2106 959 2140 earam
990 2086 1314 2154 (mulierum)
1348 2090 1533 2153 licebat,
1552 2091 1701 2151 cajus·

644 2182 785 2233 quam
826 2168 1152 2217 hereditatem
1194 2180 1372 2229 capere,
1413 2180 1556 2231 supra
1596 2166 1702 2217 snb·

644 2242 873 2292 stantiam
892 2244 1093 2292 duarum
1114 2242 1379 2305 myriadum
1399 2256 1455 2290 oe
1474 2242 1704 2291 dimidia.

646 2316 729 2367 Ibi
754 2316 857 2367 duo
881 2324 1002 2367 sunt
1034 2330 1151 2381 quae
1174 2312 1400 2365 afferunt
1426 2316 1701 2367 dubitatio-

644 2409 780 2445 nem.
844 2394 1020 2443 Primo
1042 2407 1143 2457 quo
1168 2390 1462 2441 referantur
1480 2391 1539 2442 τὸ
1559 2408 1706 2457 supra

642 2470 957 2520 substantians
979 2471 1175 2519 duarum
1198 2469 1465 2531 myriadum
1484 2485 1541 2518 nc
1560 2470 1725 2519 dimi..

642 2547 756 2609 dioe,
775 2562 839 2597 an
860 2548 924 2596 ad
952 2554 1112 2597 totam
1134 2547 1399 2595 testatoris
1424 2546 1703 2597 heredita-

643 2632 769 2681 tem,
816 2630 876 2672 ut
913 2622 1115 2671 scilicet
1154 2619 1377 2670 foeminae
1416 2622 1700 2673 succedere

643 2704 945 2746 vetarentur
970 2694 1031 2744 iis
1056 2694 1253 2744 civibus
1268 2696 1356 2758 qui
1375 2696 1701 2758 possiderent

641 2787 794 2837 supra
813 2774 995 2825 25000.
1012 2767 1090 2833 (id
1116 2769 1249 2815 enim
1271 2768 1563 2829 significant
1580 2769 1698 2820 duae

640 2844 897 2911 myriades
928 2858 1047 2893 cum
1086 2841 1354 2906 dimidia);
1388 2858 1451 2891 an
1480 2859 1601 2893 vero
1625 2846 1698 2894 in·

640 2921 804 2987 telligi
841 2922 950 2970 inec
975 2920 1130 2969 verba
1154 2918 1379 2969 debeant
1402 2919 1469 2971 de
1492 2924 1698 2985 quanti·

639 3007 751 3052 tate
774 3000 1042 3052 bonorum,
1065 3012 1218 3059 supra
1241 3010 1391 3062 quam
1416 2990 1697 3050 succedere

638 3075 879 3125 mulieres
916 3086 1017 3121 non
1059 3078 1291 3136 possent.
1372 3074 1520 3122 Licet
1558 3074 1694 3123 enirn

638 3151 773 3200 οὕσία
796 3149 1019 3204 Grecis,
1056 3162 1171 3196 cum
1209 3148 1274 3197 de
1302 3148 1447 3198 bonis
1482 3150 1696 3215 dicitur,

636 3226 928 3289 accipiatur
974 3222 1305 3287 utplurimum
1352 3224 1417 3272 de
1454 3226 1693 3276 omnibus

634 3300 1003 3359 facultatibus3
1039 3299 1243 3348 videtur
1269 3307 1439 3349 tamen
1465 3314 1558 3364 pro
1582 3315 1694 3350 cer-

634 3388 692 3431 ta
709 3392 885 3429 earum
913 3384 1059 3438 parte
1078 3374 1354 3437 aliquando
1376 3376 1525 3426 sumi.
1572 3378 1692 3425 Am·

632 3454 739 3518 bigi
766 3452 954 3502 deinde
987 3459 1156 3514 potest
1185 3450 1332 3513 cujus
1359 3450 1449 3505 rei,
1472 3452 1579 3499 sive
1605 3466 1692 3501 cu-

616 3531 711 3595 jus
734 3527 965 3592 pecuniae
985 3522 1241 3589 myriades
1267 3527 1319 3573 in
1345 3526 1692 3577 estimatione

634 3604 817 3656 Dionis
840 3602 1231 3664 intelligantur3
1270 3600 1598 3651 denariorum
1625 3618 1692 3653 an

631 3679 1021 3730 sestertiorum:
1048 3677 1182 3736 ut‚si
1206 3676 1402 3726 denarii
1427 3678 1546 3735 sint,
1572 3693 1688 3743 per-

632 3756 832 3804 tineant
871 3754 934 3802 ad
966 3753 1263 3801 universum
1302 3752 1686 3815 patrisfamilias

632 3830 830 3883 classici
878 3829 1003 3894 (hoc
1046 3836 1126 3876 est
1174 3826 1323 3877 valde
1364 3828 1688 3895 locupletis‚)

631 3906 994 3973 patrimonium
1016 3920 1029 3953 ε
1079 3905 1121 3953 si
1160 3906 1385 3955 sestertii
1427 3904 1684 3967 dicantur,

630 3992 832 4050 partem
857 3979 1147 4043 designent,
1164 3994 1227 4027 ex
1251 3994 1354 4043 qua
1376 3980 1538 4031 lueres
1558 3982 1684 4030 scri·

630 4060 685 4109 bi
708 4074 736 4107 a
758 4057 975 4107 classico
994 4054 1178 4104 mulier
1202 4056 1379 4119 possit.
1447 4056 1684 4106 Priorem

629 4132 942 4182 sententiam
986 4138 1358 4192 asseveranter,
1412 4132 1561 4197 quasi
1617 4148 1682 4181 ex

626 4220 723 4257 usu
768 4204 1073 4255 Groecorum
1118 4215 1393 4268 perpetuo,
1448 4208 1537 4272 qui
1589 4222 1685 4272 per

628 4280 895 4333 drachmas
937 4287 1259 4343 computant,
1300 4282 1526 4333 denariis
1568 4282 1683 4335 fere

1801 872 2044 922 Romanis
2099 873 2495 936 respondentes.
2562 872 2882 923 Gronovius

1797 953 1975 997 tuetur
2021 948 2111 996 lib.
2157 962 2246 997 nr.
2288 950 2355 998 de
2403 950 2609 999 Peenn.
2651 950 2882 1009 Vetere,

1797 1038 1914 1087 cap.
1943 1028 2020 1073 16.
2091 1024 2440 1075 Posteriorem
2475 1026 2716 1089 amplexi
2757 1040 2883 1075 sen-

1797 1098 2033 1161 tentiam,
2063 1100 2130 1151 de
2153 1116 2368 1151 numero
2391 1103 2736 1151 sestertios-aas
2763 1116 2884 1152 nn·

1795 1174 1908 1223 lieri
1933 1175 2290 1241 relinquendo,
2307 1177 2528 1227 Dionem
2549 1178 2881 1227 intellexere

1797 1250 2040 1314 Cujacins
2065 1252 2116 1301 in
2141 1253 2277 1303 notis
2307 1252 2566 1316 prioribus
2590 1253 2664 1301 ad
2691 1252 2884 1304 Instit-

1793 1326 1987 1378 Justin.
2027 1330 2121 1392 §1-
2153 1328 2218 1377 de
2246 1330 2385 1393 Lege
2415 1327 2620 1379 Falcid.
2657 1341 2720 1379 et
2749 1344 2880 1379 enm

1795 1416 1858 1451 eo
1883 1404 2102 1468 Dionys.
2135 1404 2487 1455 Gotbofredus
2512 1407 2578 1454 ad
2597 1404 2880 1469 'flieoplri-

1793 1478 1918 1535 lum.
1953 1478 2084 1529 Eod-
2105 1478 2361 1530 Tit.Ant.
2399 1480 2734 1543 Augustinus
2779 1482 2882 1532 tib.

1793 1553 1860 1603 de
1884 1554 2067 1618 Legib.
2101 1556 2304 1619 Lipsius
2334 1556 2388 1604 in
2423 1555 2582 1607 Plinii
2607 1556 2884 1622 Panegy-

1791 1629 1986 1680 ricum:
2023 1636 2180 1694 atque
2219 1632 2296 1680 his
2323 1632 2579 1693 omnibns,
2600 1642 2878 1697 qnantum

1792 1706 1857 1754 sd
1882 1706 2275 1756 estimationem
2313 1720 2547 1764 summo,
2571 1708 2882 1771 praeiverat

1793 1780 1944 1831 Paul.
1967 1782 2234 1831 Manutius
2258 1782 2310 1831 in
2333 1796 2424 1831 suo
2454 1781 2519 1831 de
2553 1782 2750 1848 Legib.
2775 1800 2878 1835 vn-

1787 1857 1996 1914 lnmine,
2019 1858 2116 1907 nisi
2138 1858 2274 1923 quod
2300 1873 2366 1909 ex
2385 1858 2612 1909 Asconio
2636 1868 2876 1912 cautum

1788 1932 2072 1996 scripserat
2106 1934 2426 1992 nominatim,
2451 1949 2513 1983 ne
2538 1936 2654 1999 quis
2691 1936 2878 1987 filim

1787 2008 2044 2059 haeredem
2080 2009 2397 2073 relinqueret
2431 2024 2592 2073 supra
2625 2010 2746 2061 Hs.
2783 2014 2874 2063 vi-

1787 2083 1918 2147 ginti
1940 2086 2167 2148 quinque
2189 2086 2402 2135 millium
2421 2100 2693 2137 summam.
2745 2088 2872 2138 Ho-

1785 2168 1911 2211 tom.
1935 2162 1987 2209 in
2013 2163 2047 2210 l.
2071 2163 2138 2209 de
2169 2162 2245 2211 Re
2275 2160 2595 2217 Nnmmarim
2623 2162 2866 2215 Dionen

1784 2240 1977 2303 arguit,
2018 2241 2164 2305 quasi
2203 2242 2246 2290 is
2287 2240 2386 2289 vim
2429 2241 2556 2303 legis
2592 2240 2866 2294 Voconio

1783 2332 1886 2367 non
1921 2320 2238 2382 perceperit,
2268 2332 2384 2367 cum
2425 2333 2518 2380 pro
2551 2320 2862 2384 quadrante

1784 2394 2127 2455 lia-reditatis,
2173 2394 2263 2459 qui
2311 2398 2559 2456 incertus,
2599 2402 2654 2443 et
2697 2398 2864 2447 modo

1783 2470 1968 2534 major,
1991 2470 2144 2520 modo
2165 2471 2332 2519 minor
2352 2480 2452 2527 est,
2479 2471 2860 2535 (quemadmo-

1783 2544 1902 2594 dum
1917 2546 2029 2609 lpsa
2045 2544 2579 2609 haereditas,)certam
2591 2560 2856 2598 summan

1781 2624 1976 2685 posuit.
2041 2620 2164 2686 Ipse
2191 2636 2314 2671 vero
2337 2635 2404 2671 ex
2437 2623 2715 2686 cujuslibet
2746 2626 2856 2675 lm·

1783 2696 2006 2747 reditats
2025 2698 2240 2761 decerpi
2267 2698 2498 2760 potuisse
2519 2706 2669 2760 putat
2691 2715 2854 2765 qnar-

1782 2778 1886 2821 tam
1933 2770 2154 2835 partem,
2206 2787 2308 2837 qna
2361 2772 2618 2824 foeminam
2669 2784 2852 2839 pater-

1779 2844 2001 2896 familias
2025 2847 2258 2896 douaret.
2315 2848 2380 2899 Id
2405 2850 2564 2913 igitur
2585 2850 2730 2899 inter
2751 2854 2846 2901 hos

1777 2930 2020 2973 auctores
2039 2931 2428 2974 controversum
2453 2934 2644 2982 manet,
2665 2936 2844 2978 ntrnm

1777 2998 1829 3046 in
1853 2996 2196 3065 quadrantem
2235 2999 2558 3050 haereditatis
2579 3006 2842 3065 generali-

1777 3084 1861 3126 ter
1888 3076 2130 3126 mulieres
2151 3074 2586 3140 admitterentur3
2623 3095 2688 3130 an
2711 3096 2844 3131 vero

1775 3166 1840 3199 ex
1879 3158 2292 3216 quantacumque
2326 3150 2654 3219 haereditate,
2686 3158 2839 3221 qnin-

1777 3241 1875 3291 que
1901 3236 1955 3277 et
1980 3226 2162 3291 viginti
2185 3227 2438 3277 duntaxat
2465 3230 2623 3280 millia
2643 3241 2838 3283 sester-

1777 3306 1903 3353 tium
1941 3310 2208 3365 caperent.
2277 3302 2494 3367 Pighius
2528 3306 2582 3355 in
2619 3306 2840 3361 Annali·

1777 3378 1871 3427 bus
1904 3378 2304 3441 Magistratunm
2338 3380 2557 3430 Roman.
2593 3382 2659 3431 A.
2683 3386 2749 3435 U.
2775 3388 2840 3438 c.

1773 3461 1888 3507 584.
1933 3456 2007 3507 ita
2043 3458 2210 3521 legem
2249 3458 2530 3508 Voconiam
2573 3465 2841 3527 concipit:

1770 3533 1785 3560 ‘
1813 3533 1895 3584 Ne
1920 3532 2034 3597 quis
2058 3546 2264 3595 census,
2300 3534 2423 3597 (hoc
2447 3542 2548 3599 est,
2584 3538 2671 3601 qui
2704 3554 2835 3590 cen·

1774 3614 1881 3656 tum
1921 3608 2078 3657 millia
2113 3606 2232 3657 oeris
2272 3608 2594 3673 professione
2615 3613 2833 3666 detulis-

1770 3682 1900 3749 set.)
1920 3683 2182 3734 heredem
2215 3685 2537 3751 relinqueret
2559 3690 2831 3745 muliere-

1769 3775 1924 3823 supra
1962 3759 2146 3823 viginti
2177 3762 2405 3826 quinque
2443 3763 2606 3813 millia
2636 3774 2832 3819 sester-

1771 3832 1938 3886 tium.'
2002 3836 2099 3887 His
2133 3836 2221 3886 ille
2259 3838 2429 3887 verbis
2467 3842 2632 3903 ponit,
2667 3850 2828 3897 astate

1769 3910 1987 3959 Voconii
2012 3912 2230 3975 amplius
2272 3914 2393 3977 quid
2432 3913 2585 3965 fuisse
2609 3926 2828 3971 centnm

1767 3986 1927 4035 millia
1949 3986 2086 4049 aeris,
2105 4000 2257 4051 quam
2281 4000 2420 4039 xxv.
2441 3991 2603 4041 millia
2631 4003 2826 4045 sester-

1767 4060 1914 4109 tium.
1978 4060 2198 4110 Constat
2219 4069 2391 4111 tamen
2417 4078 2484 4112 ex
2507 4065 2684 4118 Plinio
2705 4070 2824 4135 jam

1766 4144 1873 4185 tum
1897 4142 2103 4184 auctum
2126 4134 2191 4184 ad
2215 4136 2478 4189 sexdecim
2503 4156 2643 4192 asses
2659 4143 2825 4199 fnisse

1763 4210 1960 4259 denarii
1997 4210 2248 4273 pretium3
2285 4220 2340 4261 et
2374 4228 2441 4262 ex
2481 4225 2820 4285 consequenti

1764 4286 2076 4351 sestertium,
2092 4286 2146 4337 in
2168 4300 2271 4351 qno
2293 4302 2500 4356 semper
2521 4305 2706 4360 quarta
2727 4300 2821 4351 de.
