3159 4959
931 432 1136 481 mann
1188 431 1446 481 cxxii.
1489 430 2137 481 sursnssnnnruu.
2465 416 2647 483 5296

420 596 556 637 suos
577 576 802 655 ingredi
837 577 1156 649 volentem,
1181 578 1410 657 junctis
1431 597 1568 638 eum
1604 576 1809 637 Tullio
1844 576 2091 635 Cimbro
2126 574 2317 654 copiis
2368 585 2477 638 Cic.
2498 591 2561 638 nd

420 671 792 752 profligaret:
835 682 898 733 et
938 672 1124 735 filium
1169 674 1452 745 babebat,
1495 675 1687 755 ipsum
1718 692 1955 753 quoque
1986 690 2179 751 regem
2205 689 2312 751 ap-
2337 650 2480 768 Βὲξὲ·
2500 658 2639 767 ¹ffi·

416 768 704 847 pellatum
749 770 828 829 ab
871 778 1103 841 senatu,
1147 770 1396 849 egregiae
1439 770 1566 850 spei
1612 779 1789 850 atque
1827 768 2045 829 indolis
2082 766 2311 828 adoles-
2338 796 2415 831 xx.
2438 786 2519 834 1⁸.

415 874 670 925 centem.
2040 894 2045 899 ·

495 966 555 1019 3.
599 961 920 1023 Enimvero
948 960 1223 1033 Brutum,
1246 962 1420 1023 rebus
1447 964 1504 1022 in
1540 961 1701 1023 Asia
1720 982 1798 1023 ex
1826 971 1967 1023 voto
1988 959 2309 1023 mceeden-
2335 956 2453 1007 Dio.

413 1057 592 1128 tibus,
623 1056 718 1117 Μ.
745 1058 1000 1119 Antonii
1025 1067 1272 1119 conatus
1291 1060 1352 1118 in
1379 1058 1685 1140 Europam
1706 1066 2075 1120 revocarunt.
2119 1057 2312 1134 Cujus
2382 1110 2391 1119 .

411 1150 555 1212 lieet
575 1173 712 1233 spes
735 1154 796 1212 in
833 1154 1099 1213 exercitu
1139 1152 1484 1215 seditionem
1520 1154 1775 1225 serendi,
1802 1154 2109 1213 interemto
2126 1152 2313 1229 fratre
2434 1174 2443 1179 ·

415 1246 592 1319 Caio,
618 1250 682 1309 in
708 1250 936 1311 irritum
963 1250 1330 1320 reciderant3
1376 1258 1576 1310 tamen
1603 1249 1923 1312 verendum
1950 1250 2143 1309 Bruto
2164 1258 2313 1322 erat,

411 1363 486 1402 ne
513 1346 620 1423 qui
655 1365 759 1424 per
795 1346 1124 1405 absentiam
1163 1366 1334 1405 suam
1367 1346 1589 1406 similes
1632 1345 1735 1406 alii
1780 1355 1973 1407 motus
2004 1332 2311 1407 orirentur.

413 1438 614 1517 Igitur
641 1440 702 1499 in
727 1441 919 1500 reditu
943 1462 1046 1521 per
1069 1440 1412 1513 Tbraciam,
1436 1443 1735 1520 regionem
1754 1461 1936 1523 quam
1958 1442 2085 1503 sine
2110 1441 2313 1503 liberis

411 1534 704 1597 decedens
751 1536 1006 1599 Sadales
1063 1538 1284 1619 populo
1335 1538 1620 1599 Romano
1666 1539 2007 1621 reliquerat,
2068 1538 2308 1619 recepit.

412 1629 565 1692 Inde
613 1634 676 1693 in
718 1633 936 1694 Bessos
982 1634 1130 1695 feeit
1169 1635 1635 1715 expeditionem,
1684 1646 1751 1695 ut
1790 1635 1965 1697 simul
2012 1632 2313 1697 maleficia

409 1729 616 1789 horum
665 1729 1064 1813 ulcisceretur,
1107 1740 1172 1791 et
1213 1733 1328 1791 sibi
1371 1752 1585 1793 nomen
1635 1733 2003 1815 imperatoris
2048 1742 2308 1814 pararet,

407 1835 748 1887 ornamento
797 1841 978 1908 atque
1020 1828 1262 1891 utilitati
1301 1829 1564 1891 futurum
1602 1830 1681 1890 ad
1716 1830 1961 1900 bellum,
1998 1828 2157 1911 quod
2195 1830 2311 1889 sibi

410 1922 688 1984 adversus
735 1923 1030 1984 Caesarem
1077 1933 1140 1985 et
1173 1923 1508 1986 Antonium
1542 1936 1681 2006 post
1712 1926 2031 2005 gerendum
2062 1946 2187 1986 esse
2218 1926 2307 1986 vi-
2331 1932 2442 1986 Liv.
2466 1936 2599 2001 Epit.

408 2016 610 2078 debat.
694 2018 779 2079 Et
821 2020 996 2080 initia
1043 2021 1286 2101 quidem
1327 2021 1472 2081 belli
1517 2022 1799 2085 adversus
1835 2020 2021 2083 feram
2062 2035 2127 2081 et
2158 2040 2307 2101 pug-
2332 2030 2451 2081 Dio.

405 2133 613 2175 naeem
635 2126 868 2195 gentem
903 2116 1084 2198 paulo
1116 2117 1356 2178 duriora
1383 2118 1661 2178 fuerunt:
1688 2118 1793 2179 sed
1834 2120 2072 2197 egregia
2102 2116 2305 2181 Rbus-

405 2212 704 2292 cupolidis
727 2232 912 2293 opera
935 2213 1224 2274 victorem
1242 2214 1520 2284 Brutum,
1539 2216 1781 2295 votique
1796 2222 2129 2293 compotem
2144 2212 2305 2295 feeit.

487 2314 550 2366 4.
592 2307 803 2387 Atque
829 2309 903 2379 is,
929 2318 999 2368 ut
1033 2328 1274 2369 causam
1308 2330 1474 2369 suam
1501 2310 1679 2369 latius
1703 2308 2165 2382 commendaret,
2190 2322 2195 2331 “
2206 2330 2307 2391 pe-
2330 2305 2551 2371 APPiffl·

405 2402 648 2461 cuniam
686 2403 904 2480 signari
932 2404 1074 2464 hine
1106 2404 1360 2481 imagine
1395 2424 1502 2463 sua
1525 2406 1807 2482 jusserat,
1838 2404 1974 2465 inde
2012 2405 2195 2485 pileo,
2234 2406 2306 2465 li·
2332 2400 2449 2456 Dio;

407 2498 656 2559 bertatis
695 2498 909 2569 indice,
963 2508 1028 2559 et
1069 2499 1299 2560 duobus
1343 2499 1713 2579 pugionibus,
1762 2501 1979 2580 quibus
2015 2521 2079 2561 se
2124 2510 2303 2583 atque

404 2594 678 2654 Cassium
721 2596 780 2653 in
822 2594 1154 2655 libertatem
1179 2600 1200 2629 ⁸
1249 2597 1561 2655 asseruisse
1609 2594 1953 2657 Romanum
1995 2597 2305 2678 populum,

402 2689 639 2750 sublato
682 2688 946 2761 domiuo,
993 2688 1372 2769 significaret,
1417 2702 1682 2772 tempore
1722 2712 1959 2773 quoque
1999 2694 2085 2753 rei
2126 2702 2305 2772 geste
2359 2714 2506 2781 Pigh.
2541 2717 2607 2766 ad

404 2786 490 2847 sic
516 2787 796 2867 ascript0,
825 2802 970 2847 mn.
1003 2802 1228 2849 MART.
2056 2804 2085 2845 .·
2326 2778 2593 2831 ΛΜΊΠ·

405 2900 438 2945 ε·
473 2888 550 2942 ·5.
567 2882 818 2945 {Omnes
841 2884 976 2962 jam
1015 2892 1178 2942 trans
1203 2902 1360 2943 mare
1389 2884 1721 2963 provincias
1746 2886 1807 2944 in
1832 2892 2122 2965 potestate
2153 2884 2307 2946 Bru-
2326 2888 2434 2940 Ην.
2454 2891 2589 2956 Epit.

404 2988 500 3038 tus
520 2988 700 3059 atque
729 2978 972 3039 Cassius
994 2978 1328 3040 habebant:
1371 3000 1562 3060 neque
1599 2981 2005 3043 tantummodo
2026 2990 2301 3063 suppete-

403 3078 512 3138 bat
551 3078 738 3138 otium
775 3075 1276 3157 communicandis
1312 3077 1597 3149 consiliis,
1632 3076 1733 3137 sed
1772 3078 1953 3138 etiam
1988 3078 2299 3139 necessita-
2328 3086 2444 3138 Dio.

403 3182 524 3234 tem
553 3173 892 3255 imponebat
929 3181 1168 3254 paratus
1195 3194 1397 3255 prope,
1421 3182 1486 3235 et
1519 3194 1659 3235 mox
1691 3176 1750 3233 in
1791 3172 2090 3233 Graeeiam
2113 3182 2301 3235 trans-

404 3274 682 3333 missurus
713 3272 916 3332 hostis.
1001 3270 1194 3349 Igitur
1232 3271 1476 3332 Cassius
1509 3294 1544 3332 e
1582 3270 1819 3343 Cilicia,
1850 3271 2073 3332 Brutus
2096 3292 2131 3331 e
2160 3270 2300 3332 Ma·
2324 3277 2430 3331 Ιὶν.
2450 3280 2583 3345 Epa.

399 3369 674 3441 oedonia,
701 3368 974 3450 profecti,
1003 3368 1274 3449 Smyrnae
1315 3369 1394 3428 ad
1427 3368 1757 3431 ordinanda
1780 3369 1963 3431 futuri
1988 3370 2132 3431 beili
2145 3372 2298 3432 'eon-
2324 3342 2623 3475 Ρὲῗῇξζῗι·

403 3465 540 3526 silia
561 3466 851 3537 coierunt,
879 3466 952 3525 iis
985 3464 1352 3546 pedestribus
1388 3466 1819 3546 navalibusque
1854 3466 2063 3548 copiis,
2090 3476 2154 3528 et
2191 3488 2298 3549 ap·
2323 3473 2431 3522 Civ.
2454 3474 2489 3526 Ι.
2512 3492 2589 3526 ιν.

402 3570 612 3642 paratu
657 3563 945 3643 pecuniae,
985 3572 1052 3622 ut
1091 3562 1328 3622 minime
1359 3562 1613 3643 impares
1652 3562 1731 3624 ad
1754 3562 2185 3645 decernendum
2221 3564 2298 3625 de
2322 3536 2455 3590 Plut.

406 3658 684 3719 Romano
730 3660 976 3740 imperio
1016 3658 1372 3721 viderentur.
1454 3658 1607 3719 Pari
1658 3660 1875 3721 honore
1926 3669 1988 3720 et
2035 3662 2188 3733 erat,
2238 3671 2301 3722 et

405 3756 611 3815 haberi
634 3756 878 3817 volebat
904 3754 1180 3826 Cassius;
1224 3756 1328 3817 sed
1354 3754 1570 3815 detulit
1593 3758 1651 3816 ei
1681 3757 1926 3828 Brutus,
1954 3766 2020 3817 ut
2043 3756 2301 3817 crebrius

379 3852 482 3935 ‚ad
520 3874 652 3935 eum
694 3853 1030 3922 ventitaret,
1059 3862 1344 3933 tanquam
1391 3860 1567 3913 aetate
1583 3864 1589 3869 “
1603 3853 1912 3931 majorem,
1948 3862 2013 3911 et
2052 3856 2316 3934 corpore

398 3949 562 4009 haud
603 3970 773 4030 aeque
809 3947 1093 4010 validum.

483 4052 544 4106 6.
587 4046 810 4128 Neque
853 4045 1170 4107 discessum
1212 4064 1249 4103 a
1291 4043 1575 4124 prioribus
1616 4044 1821 4103 animis
1854 4052 2004 4118 erat,
2045 4045 2187 4125 quin
2233 4054 2297 4106 et
2314 4044 2429 4095 Dio.

693 4258 722 4303 1
759 4254 953 4311 cuent
975 4254 1096 4307 edd.
1119 4260 1240 4307 anto
1259 4254 1414 4306 Crev.
1434 4252 1605 4305 verbis
1628 4253 1681 4305 is
1702 4254 1979 4307 libertatem.
