3159 4959
569 426 744 497 5646
1529 446 1599 493 τ.
1646 444 1833 493 mvn

897 590 1036 649 etin
1069 608 1208 666 agro
1229 587 1726 647 Tauromenitano
1750 588 1953 666 copias
1975 602 2290 664 exponere.
2376 581 2521 654 Sed,
2546 586 2785 663 cognito

897 685 1084 765 praelii
1119 691 1359 753 eventu,
1384 682 1546 742 haud
1579 684 1721 745 satis
1760 682 2038 743 decorum
2066 681 2277 741 victori
2313 688 2523 759 putans
2556 700 2660 761 per
2692 690 2781 742 te·-

895 782 1104 841 nebras
1139 782 1472 859 subrepere,
1497 787 1817 860 expectata
1855 777 2012 848 luce,
2038 783 2322 857 quantum
2364 796 2578 856 capere
2624 777 2783 835 mili-

893 886 1018 937 tum
1061 896 1238 935 naves
1269 884 1601 953 potuerant,
1626 894 1818 934 vacuo
1850 876 1993 933 mari
2030 872 2355 951 transjecit,
2394 872 2607 932 ceteris
2643 892 2779 931 cum

898 970 1184 1031 Messalla
1219 969 1462 1039 relictis,
1499 988 1649 1048 quos
1684 969 1937 1027 remissis
1976 986 2115 1027 mox
2163 967 2413 1027 navibus
2446 976 2777 1027 arcesseret.

605 1080 698 1129 Fu
701 1083 781 1130 e.11
894 1066 1174 1127 Ceterum
1206 1064 1580 1124 Tauromenii
1612 1084 1729 1123 non
1768 1072 2056 1143 receptus,
2083 1064 2565 1144 proetemavigato
2588 1064 2781 1122 amnis

575 1144 640 1193 Η’
645 1154 706 1193 't'
722 1147 772 1193 3¹
753 1162 835 1196 ¹¹²⁶
803 1148 872 1195 ¹²·¹
895 1162 1189 1221 Onobalae
1213 1162 1365 1221 ostio
1391 1160 1748 1237 (Cantatum
1772 1160 1950 1220 hodie
1974 1160 2173 1220 vocari
2201 1162 2534 1235 autumant)
2554 1167 2616 1218 et
2636 1157 2777 1217 fano

570 1208 750 1324 Εἴ,
769 1212 850 1260 Lu
856 1246 1166 1327 Veneris,
1207 1257 1284 1317 ad
1322 1255 1722 1333 Archegetam
1758 1254 2005 1335 appulit
2090 1252 2171 1313 Id
2196 1253 2328 1314 loeo
2352 1272 2562 1312 nomen
2588 1262 2718 1312 erat
2737 1274 2781 1313 a

569 1337 868 1452 Tssgpianu
893 1370 1076 1432 parvo
1109 1350 1421 1411 simulacro
1448 1350 1775 1429 Apollinis,
1802 1349 1961 1428 quod
1994 1349 2079 1408 ibi
2120 1350 2380 1428 posuisse
2416 1347 2777 1408 Chalciden-

564 1465 616 1510 in
588 1463 677 1515 nit.
679 1416 738 1465 cy
889 1468 982 1507 ses
1001 1447 1358 1516 ferebantur,
1383 1444 1647 1505 Theocle
1670 1444 1865 1505 duce²
1890 1444 1969 1503 ad
1990 1442 2357 1503 condendam
2380 1443 2674 1503 coloniam
2696 1464 2775 1505 ex

571 1528 846 1654 vsu-5367
893 1542 1122 1602 Euboea
1157 1540 1428 1621 profecti,
1454 1560 1589 1599 cum
1615 1538 1890 1610 Naxum,
1918 1559 2051 1619 quae
2084 1547 2291 1619 postea
2320 1538 2775 1599 Tauromenium

567 1654 756 1705 Plinm
763 1664 866 1708 1„g
889 1647 980 1697 est
1018 1637 1342 1717 appellata,
1371 1643 1775 1745 occupassent.

569 1735 780 1800 Appi-n.
971 1739 1070 1791 12.
1114 1730 1266 1802 Hic,
1290 1732 1669 1791 exscensione
1693 1732 1877 1802 facta,
1902 1731 2072 1791 simul
2098 1740 2313 1790 terram
2330 1730 2535 1790 Caesar
2556 1730 2776 1810 attigit,

893 1828 1156 1907 lapsante
1197 1828 1446 1906 vestigio
1487 1829 1818 1907 procubuit.
1902 1826 2042 1888 Nee
2080 1828 2389 1887 exterritus
2428 1847 2595 1887 sacra
2634 1828 2775 1888 fecit

895 1923 1052 1994 Deo,
1081 1926 1400 2002 castrisque
1443 1924 1528 1982 ibi
1561 1924 1887 1995 collocatis,
1920 1923 2345 2005 oppidanorum
2382 1932 2609 1984 tentare
2644 1927 2773 1985 ani·-

888 2038 1013 2078 mos
1062 2019 1340 2079 decrevit.
1448 2016 1737 2079 Nondum
1789 2018 2119 2079 absolutum
2172 2019 2395 2078 vallum
2436 2028 2585 2090 erat,
2636 2040 2773 2081 eum

565 2107 680 2158 Dio,
889 2113 1168 2195 Pompeii
1209 2134 1423 2193 mag-na
1446 2114 1651 2173 clamis
1673 2134 1809 2173 cum
1832 2116 1961 2194 ipso
1986 2116 2335 2195 imperatore
2360 2113 2552 2185 affuit,
2582 2116 2641 2175 in
2667 2114 2770 2175 de·-

565 2203 776 2267 Appi-n.
886 2208 1166 2270 fessorum
1217 2210 1410 2271 locum
1461 2211 1698 2289 integris
1744 2211 2009 2290 repositis
2058 2210 2419 2288 remigibus:
2486 2210 2659 2271 simul
2708 2219 2771 2271 et

883 2308 1180 2385 equitatus
1223 2310 1352 2385 ejus
1386 2317 1733 2387 conspectus
1774 2314 1884 2374 est,
1922 2306 2049 2387 pari
2092 2305 2393 2365 celeritate
2434 2324 2540 2385 per
2572 2305 2772 2365 littora

884 2411 1311 2463 transcurrens:
1355 2412 1418 2462 et
1457 2402 1578 2462 alio
1612 2401 1745 2462 loco
1780 2401 2079 2482 pedestres
2118 2402 2309 2481 eopiae
2354 2414 2768 2481 apparuerunt.

885 2496 982 2556 Ea
1005 2508 1242 2575 repente
1281 2518 1372 2557 res
1401 2500 1643 2575 objecta
1670 2518 2027 2577 magnopere
2060 2495 2429 2557 Caesarianos
2460 2499 2767 2569 exterruit,

882 2594 986 2671 qui
1020 2594 1244 2651 victum
1281 2592 1490 2671 praelio
1531 2592 1891 2672 Pompeium
1936 2612 2225 2672 nusquam
2260 2591 2557 2653 discedere
2597 2612 2767 2672 posse

884 2706 988 2766 per
1016 2689 1344 2767 Agrippam
1373 2695 1744 2768 putaverant.
1826 2687 2051 2768 Neque
2072 2688 2325 2747 absurde
2344 2688 2630 2747 creditum
2656 2698 2766 2757 est,

880 2784 932 2841 si
973 2780 1230 2861 undique
1269 2782 1442 2841 simul
1471 2783 1665 2843 factus
1702 2784 1951 2863 impetus
1974 2792 2149 2854 esset,
2177 2783 2359 2843 deleri
2372 2784 2637 2843 -Gaesaris
2658 2802 2767 2843 ex-

881 2878 1128 2937 ercitum
1153 2880 1431 2959 potuisse.
1512 2878 1661 2937 Tres
1680 2880 1919 2939 omnino
1945 2878 2205 2956 leg-iones
2226 2888 2415 2949 erant,
2441 2898 2577 2938 cum
2600 2880 2765 2957 equi—

883 2977 1042 3035 tibus
1065 2976 1417 3055 quingentis,
1444 2994 1689 3053 quorum
1714 2973 1971 3033 nondum
1996 2974 2229 3035 advecti
2252 2976 2389 3053 equi
2422 2982 2625 3034 erant:
2666 2994 2765 3035 ve·⁵

885 3072 1020 3131 lites
1063 3072 1260 3130 mille:
1317 3070 1631 3130 voluntarii
1671 3090 1746 3129 ex
1786 3069 1951 3129 novis
1977 3069 2231 3129 >coloniis
2250 3068 2371 3129 duo
2396 3068 2607 3137 millia,
2628 3088 2763 3129 cum

844 3160 852 3165 ”
883 3166 1212 3227 classiariis.
1299 3166 1421 3225 Sed
1458 3166 1756 3245 equitatus
1794 3174 2048 3235 tautum,
2090 3165 2309 3245 impetu
2342 3166 2403 3223 in
2438 3165 2765 3224 munientes

880 3264 1063 3335 facto,
1107 3264 1516 3323 intertui-bavit
1547 3282 1715 3342 opus,
1754 3262 2173 3341 nequicquam,
2212 3262 2484 3330 navibus,
2528 3280 2603 3321 ne
2636 3280 2765 3320 sero

881 3360 1000 3419 diei
1022 3360 1288 3440 praelium
1315 3360 1545 3428 inirent,
1571 3359 1679 3417 sub
1708 3358 1991 3437 Goocyno
2014 3358 2384 3439 capientibus
2407 3358 2717 3417 stationem
2744 3376 2761 3416 t

879 3453 1142 3534 peditatu
1171 3456 1231 3513 in
1257 3454 1537 3534 oppidum
1567 3454 1893 3514 Phoenicen
1924 3454 2202 3514 abducto.

961 3556 1058 3610 13.
1101 3550 1326 3621 Caesar,
1353 3550 1465 3609 hac
1499 3551 1933 3629 opportunitate
1968 3570 2129 3621 usus,
2156 3570 2271 3610 non
2306 3550 2633 3610 intermisso
2662 3570 2763 3630 per

879 3656 1108 3707 noctem
1161 3648 1386 3717 labore,
1437 3656 1632 3706 castra
1682 3646 2013 3727 permuniit.
2122 3645 2357 3706 Deinde
2405 3645 2639 3706 traditis
2690 3646 2761 3707 L.

879 3742 1202 3804 Cornificio
1227 3746 1437 3824 copiis,
1465 3753 1601 3803 ante
1626 3744 1817 3803 lucem
1842 3762 1976 3802 cum
2000 3741 2186 3803 classe
2214 3742 2509 3822 profectus
2526 3752 2636 3811 est,
2660 3762 2761 3801 oc·

553 3856 667 3905 Dio.
874 3852 1191 3922 cupaturus
1233 3842 1562 3912 transitum,
1598 3848 1916 3918 autequam
1960 3838 2437 3918 praecluderetur,
2474 3847 2539 3897 et
2572 3840 2764 3898 minus

873 3938 1083 3998 timens
1107 3938 1386 4019 Pompeii
1409 3956 1611 4007 naves,
1637 3944 1703 3994 ut
1728 3954 1947 4014 paucas
1971 3954 2231 4005 numero,
2252 3943 2315 3993 et
2336 3952 2535 3993 recens
2552 3933 2759 3994 victam
2810 4006 2829 4020 ὓ

553 4043 763 4109 Appium.
875 4031 1067 4113 Igitur
1100 4033 1312 4096 dextra
1345 4035 1470 4096 acie
1509 4032 1772 4091 Titinnio
1802 4032 2134 4103 commissa,
2176 4032 2413 4093 sinistra
2448 4029 2684 4099 Carcio,
2708 4028 2764 4087 si

871 4264 916 4313 c
937 4203 970 4247 2
1006 4198 1113 4250 Hoc
1135 4214 1228 4266 pro
1254 4201 1462 4257 stenelo,
1506 4201 1560 4251 in
1604 4198 1726 4249 edd.
1763 4206 1922 4250 antea
1954 4198 2241 4255 inventum.
2278 4211 2343 4247 ex
2386 4196 2567 4248 sursh.
2593 4195 2761 4247 edidit

917 4277 1024 4313 rev.
