3159 4959
858 428 1062 480 nissi
1112 428 1360 479 cxxv.
1407 429 2055 482 superaturum.
2382 414 2561 482 ⁶650

335 568 652 633 Praeneste
685 580 1086 641 secemeruntz
1135 571 1238 633 ille
1282 571 1578 633 cuntem
1625 574 1827 635 timere
1861 572 2087 645 dicens,
2118 571 2235 633 ‘tri-
2258 584 2373 635 Dio.
2392 586 2525 637 ven.

339 667 617 737 umvireli
647 666 930 728 satellitio
955 676 1264 737 armatum,
1289 688 1424 727 cum
1451 668 1682 728 inermis
1706 670 1833 749 ipse
1870 677 2061 736 esset;
2104 670 2235 731 haee
2258 650 2474 716 APPh'·

337 762 630 843 Lepidum
667 762 869 824 liberis
889 764 1010 823 suis
1033 764 1442 833 insidiantem3
1483 764 1659 842 hujus
1688 766 1847 825 enim
1870 784 2081 825 nomen
2106 773 2235 826 tum

333 868 686 939 praetexere,
713 878 892 938 quam
920 858 1176 919 Caeseris
1201 859 1508 919 maluerat.

343 992 354 1017 ς
413 960 518 1016 20.
559 954 916 1033 Augebatur
948 954 1038 1015 liis
1071 955 1249 1014 rebus
1283 954 1488 1015 Coesar
1512 953 1675 1015 haud
1712 954 2101 1027 mediocriter,
2128 974 2231 1017 ne·
2254 961 2373 1014 Dio.

244 1116 250 1123 ,
331 1050 560 1128 gotium
579 1050 803 1111 babens
826 1070 961 1111 cum
995 1050 1352 1121 bominibus,
1379 1069 1530 1129 quos
1551 1066 1661 1109 nec
1682 1051 2010 1129 opprimere
2036 1052 2233 1123 armis,

331 1166 444 1207 nec
465 1143 708 1227 placare
735 1166 842 1226 per
866 1146 1086 1205 amicos
1111 1154 1324 1224 posset.
1407 1143 1651 1207 Idcirco
1664 1154 1959 1223 gratanter
1978 1147 2233 1226 accepit,
2261 1149 2469 1215 Appi-n.

330 1242 640 1322 utrimque
661 1242 958 1303 exercitus
985 1242 1262 1321 primores
1287 1242 1647 1319 conjurasse,
1676 1250 1693 1277 ⁶
1712 1239 1955 1301 daturos
1970 1262 2233 1321 operam,

329 1339 422 1399 uti
449 1338 528 1397 lis
551 1338 966 1418 imperatorum
984 1356 1063 1397 ex
1089 1356 1264 1416 aequo
1298 1346 1362 1396 et
1388 1336 1546 1397 bono
1565 1334 1969 1404 dirimeretur:
1990 1347 2232 1397 coactu-

329 1454 552 1515 rosque
581 1452 716 1493 eum
741 1433 850 1513 qui
869 1442 1024 1493 stare
1047 1433 1286 1512 judicio
1309 1431 1689 1493 deuectasset
1710 1452 1727 1492 ε
1745 1434 1763 1463 ’
1804 1441 1869 1493 et
1894 1454 1973 1493 ex
1999 1435 2071 1493 iis
2090 1435 2233 1515 ipsis
2254 1448 2369 1500 Dio.

329 1528 568 1609 legatos
591 1529 669 1591 ed
694 1529 942 1591 Lucium
973 1528 1050 1589 de
1081 1549 1230 1609 poce
1263 1530 1444 1600 misit,
1485 1528 1749 1591 futurum
1776 1548 2043 1611 sperans,
2070 1531 2231 1609 quod

330 1624 580 1697 eccidit,
609 1634 676 1687 ut
699 1624 1066 1685 insolentiam
1104 1644 1306 1685 eorum
1331 1624 1574 1697 odisset,
1600 1635 1897 1705 sperneret
1922 1624 2229 1687 vilitatem.

328 1722 462 1782 Per
497 1723 630 1783 haec
649 1721 728 1782 ed
751 1730 1060 1783 veteranos
1084 1720 1480 1799 redintegrate
1513 1722 1724 1799 gratia,
1755 1730 2023 1783 senatum
2047 1722 2229 1783 etiam
2252 1726 2467 1793 Appen.

328 1816 734 1897 populumque
761 1815 1104 1879 Romanum
1125 1816 1432 1877 adversum
1458 1817 1647 1878 Lucio
1670 1817 1955 1889 reddidit,
1974 1838 2081 1897 per
2096 1836 2235 1877 eum

327 1922 486 1979 stare
511 1909 844 1984 dictitaris,1²
877 1913 1188 1993 quominus
1223 1932 1344 1995 pax
1376 1924 1439 1975 et
1459 1915 1745 1975 securitas
1766 1916 1997 1975 cunctis
2018 1914 2231 1976 redde·

328 2018 512 2069 retur.
597 2008 792 2089 Igitur
813 2030 1131 2073 concursus
1152 2019 1486 2071 senatorum
1527 2010 1895 2089 aliorumque
1932 2010 2129 2071 factus
2150 2030 2227 2071 ex
2255 2023 2373 2073 Dio.

329 2103 506 2165 Urbe
532 2114 646 2176 est,
687 2105 936 2165 Lucium
963 2105 1356 2185 Fulviumque
1375 2106 1693 2177 orantium,
1721 2115 1739 2141 ⁴
1761 2104 2093 2171 desinerent
2120 2105 2231 2165 ali-
2252 2087 2469 2153 Appia.

327 2200 572 2279 quando
591 2202 812 2261 irarum
833 2210 896 2278 et
911 2202 1324 2271 contentionis,
1344 2200 1713 2281 patriamque
1734 2208 1827 2261 tot
1847 2200 2021 2260 malis
2044 2200 2231 2261 afflic-

279 2330 286 2335 ·
329 2308 482 2369 tam,
509 2296 764 2358 refoveri
789 2296 1110 2357 concordie
1133 2296 1512 2377 paterentur?

345 2442 354 2447 .
409 2400 514 2453 21.
559 2392 648 2453 Et
670 2391 984 2453 videbatur
1010 2391 1252 2463 Lucius,
1295 2401 1422 2451 tum
1463 2392 1536 2453 iis
1564 2410 1701 2472 quae
1723 2391 2076 2463 dicerentur,
2102 2403 2229 2454 turn

327 2488 686 2549 auctoritate
746 2486 1072 2547 dicentium
1116 2487 1472 2547 commoveri
1507 2508 1522 2547 :
1590 2488 1783 2552 Menii
1830 2490 2087 2568 asperius
2130 2509 2229 2555 req

323 2604 608 2666 sponsum
629 2582 785 2643 fuit:
828 2591 847 2620 ‘
867 2582 1070 2661 Longe
1107 2582 1404 2663 disparem
1431 2581 1679 2644 duorum
1706 2584 2139 2665 imperatorum,
2161 2595 2229 2645 ut

327 2682 612 2751 animum,
639 2680 726 2739 ita
745 2678 1143 2740 conditionem
1163 2700 1310 2740 esse.
1393 2679 1727 2740 Antonium
1755 2679 1901 2739 nihil
1926 2680 2089 2741 aliud
2114 2681 2227 2741 nisi

327 2777 408 2840 ab
443 2775 710 2839 externis
743 2774 1016 2853 gentibus
1055 2775 1406 2854 regibusque
1431 2776 1741 2855 pecuniam
1779 2774 1857 2835 ed
1892 2794 2229 2835 communes

327 2892 467 2933 usus
487 2892 700 2950 cogere
726 2890 742 2930 ε
787 2870 1086 2931 caesarem
1122 2870 1417 2931 exercitus
1440 2879 1504 2930 et
1526 2880 1859 2951 opportuna
1888 2869 2087 2931 Italiae
2112 2871 2227 2931 sibi

330 2968 674 3047 mancipare
705 2964 1028 3027 beneficiis.
1113 2964 1237 3025 Sed
1277 2975 1343 3025 et
1387 2964 1680 3041 Gelliam,
1714 2986 1849 3047 quae
1892 2965 2037 3027 dats
2070 2966 2231 3045 prius

329 3062 606 3125 Antonio
621 3060 824 3133 fuerit,
850 3063 912 3122 iu
937 3060 1202 3123 fraudem
1223 3062 1356 3139 ejus
1381 3061 1653 3131 libereri3
1684 3070 1747 3121 et
1764 3080 1869 3141 pro
1887 3061 2231 3123 civitatibus

329 3149 660 3221 octodecim
695 3156 1024 3217 universam
1064 3155 1188 3216 sere
1233 3154 1480 3215 Italiam
1521 3156 1582 3215 in
1624 3156 1887 3217 colonias
1920 3164 2229 3217 veterano·

330 3272 456 3315 rum
481 3252 826 3315 concedere.
909 3250 1134 3330 Neque
1159 3259 1392 3311 tantum
1417 3250 1859 3328 duodetriginta
1876 3251 2227 3328 legionibus,

332 3370 462 3429 qum
487 3349 656 3409 bello
679 3346 1098 3419 interfuissent,
1123 3344 1228 3407 sed
1249 3345 1384 3406 eliis
1404 3356 1689 3427 praeterea
1706 3366 1812 3406 sex
1832 3346 2018 3407 dividi
2038 3367 2226 3427 egros.

331 3444 668 3511 Pecuniam
693 3444 906 3505 auferri
929 3465 966 3505 e
991 3442 1165 3516 fanis,
1193 3443 1550 3523 Pompeiani
1565 3443 1713 3504 belli
1730 3452 2041 3524 pretextu,
2065 3446 2229 3524 quod

333 3549 530 3603 umen
574 3542 636 3603 in
682 3548 852 3601 tanta
896 3538 1082 3601 Urbis
1121 3538 1278 3599 fame
1319 3538 1580 3599 nondum
1622 3550 1973 3620 apparetur:
2026 3560 2228 3601 revere

335 3636 618 3697 militibus
653 3635 807 3706 dari,
837 3643 904 3695 ut
939 3635 1218 3696 adversus
1256 3634 1594 3694 Antonium
1628 3644 1911 3697 emantur.
1993 3634 2101 3697 Ab
2124 3656 2224 3697 eo-

336 3729 470 3791 dem
499 3732 696 3791 enimo
718 3732 880 3791 bona
899 3732 1351 3811 proscriptorum
1373 3731 1458 3795 its
1484 3730 1684 3801 vendi,
1712 3739 1780 3789 ut
1796 3730 2005 3791 donari
2032 3732 2229 3809 potius

336 3836 636 3907 appareat.
723 3825 1000 3904 Denique
1025 3824 1176 3885 talia
1197 3825 1388 3885 multa
1412 3823 1563 3895 fieri,
1591 3844 1747 3905 quae,
1780 3827 1830 3884 si
1854 3826 2005 3885 serio
2022 3827 2229 3904 cupiat

337 3942 542 4001 pacem
569 3921 796 3992 Um,
823 3918 1197 3981 defendenda
1219 3920 1335 3978 sint
1364 3920 1421 3978 ei
1448 3920 1629 3999 prius,
1656 3920 1923 3998 nihilque
1946 3916 2229 3999 deinceps

339 4017 647 4095 agendum,-
685 4018 798 4077 nisi
838 4016 914 4075 de
958 4014 1052 4074 M.
1094 4014 1347 4075 Antonii
1379 4014 1708 4073 sententia!
1792 4014 2129 4094 cogebatur
2162 4014 2228 4080 in

910 4226 946 4279 ²
977 4222 1166 4275 Peme
1183 4218 1303 4272 edd.
1328 4226 1450 4273 ente
1469 4220 1622 4273 cra.
