3159 4959
491 572 522 623 J
523 572 690 637 oseph.

460 636 636 700 Antiq.

463 720 576 750 xxv.
591 708 672 752 21.

495 766 594 814 Dio
624 773 676 815 et

461 830 676 895 Appian-

471 2888 590 2939 Dio.

501 3368 698 3419 Sueten.

469 3432 596 3484 Caes.
627 3440 708 3485 52.

471 3496 588 3547 Dio.

472 3759 687 3827 Appian-

1436 424 1505 472 τ.
1559 423 1744 495 mv3n

779 588 947 641 nens,
989 587 1108 649 quo
1155 570 1224 635 in,
1273 588 1514 629 numero
1566 568 1801 629 Marion
1846 566 2063 649 Tyrius
2108 566 2242 637 fuit,
2291 568 2349 625 in
2406 564 2688 628 Ciliciam

781 666 1078 748 proficisci
1121 667 1346 738 statuit,
1393 666 1532 725 inde
1569 665 1974 746 Cleopatram,
2007 666 2087 724 ob
2128 665 2307 724 missa
2349 662 2688 724 Dolabellae

784 763 1032 835 auxilia,
1061 766 1385 844 petiturus:
1430 772 1741 843 postquam
1777 764 1967 822 obiter
1988 760 2308 822 Tarsenses
2333 770 2571 842 propter
2596 760 2686 820 fa-

784 877 984 921 vorem
1011 850 1384 921 adversarum
1412 861 1665 940 partium
1692 858 2052 918 mulctasset.

865 964 967 1017 26.
1009 954 1178 1017 Nam
1213 956 1302 1015 illi
1339 957 1512 1017 divisi
1551 958 1609 1015 in
1636 956 1945 1027 factiones,
1998 964 2062 1013 et
2090 974 2444 1037 unaquaque
2480 982 2689 1023 nomen

785 1052 1046 1113 civitatis
1073 1052 1432 1113 obtendente
1479 1053 1599 1111 suis
1641 1052 1921 1112 consultis
1964 1051 2260 1131 ausisque,
2305 1056 2494 1133 primo
2540 1058 2691 1121 Cas·

783 1150 956 1219 sium,
1002 1170 1143 1210 mox
1191 1149 1582 1211 Dolabellam
1620 1156 2085 1209 coronaverunt:
2130 1148 2343 1209 deinde
2380 1150 2692 1215 Cimbrum

783 1246 1071 1316 Tullium,
1101 1246 1180 1305 ad
1219 1266 1392 1327 opem
1436 1245 1647 1305 Cassio
1680 1244 1983 1305 ferendam
2020 1256 2452 1326 properantem,
2496 1272 2691 1311 arcere

786 1344 1034 1402 transitu
1061 1342 1243 1401 Tauri
1269 1352 1597 1401 statuerant
1626 1362 1641 1400 ε
1684 1362 1824 1401 mox
1860 1342 2021 1421 pacti
2058 1362 2192 1401 cum
2218 1363 2314 1415 e0,
2343 1345 2515 1405 simul
2544 1369 2693 1428 pau·

785 1439 976 1498 ciores
1011 1438 1232 1498 habere
1257 1439 1534 1518 opinione
1559 1438 1763 1518 copias
1786 1437 2079 1523 viderunt,
2116 1439 2490 1501 excluserant
2520 1446 2693 1525 oppi-

785 1534 886 1605 do,
941 1555 1134 1614 neque
1179 1544 1510 1595 commeatu
1549 1537 1852 1612 juverant.
1938 1533 2057 1593 Ille
2102 1539 2569 1615 praevertendum
2614 1542 2693 1599 ad

785 1633 1016 1710 majora
1059 1638 1243 1699 ratus,
1285 1627 1500 1690 omissa
1540 1630 1977 1709 oppugnatione
2030 1628 2225 1701 Tarsi,
2278 1634 2583 1694 contendit
2636 1638 2695 1695 in

789 1726 1048 1809 Syriam.
1133 1724 1373 1787 Interea
1406 1727 1749 1796 Tarsenses,
1788 1734 2079 1807 occupato
2116 1727 2277 1807 quod
2312 1726 2555 1789 Cimber
2586 1753 2693 1813 op-

785 1834 1063 1905 posuerat
1093 1824 1364 1895 castello‚
1403 1824 1648 1893 vicinos,
1686 1820 1875 1903 eoque
1912 1844 2143 1903 semper
2180 1824 2393 1884 invisos
2428 1824 2695 1886 infestos-

787 1940 925 1999 que,
956 1920 1310 1981 Adanenses
1334 1918 1494 1979 bello
1533 1920 1846 2000 petierunt,
1878 1920 2195 1980 Cassianos
2239 1940 2366 1980 esse
2403 1922 2697 2003 imprope-

785 2032 998 2077 rantes.
1085 2017 1268 2095 Ergo,
1314 2018 1554 2077 vivente
1604 2016 1799 2077 adbuc
1846 2016 2193 2087 Dolabella,
2249 2014 2317 2079 L.
2376 2016 2695 2081 Sextilium

787 2111 1021 2173 Rufum
1051 2112 1294 2173 Cassius
1321 2114 1503 2186 misit,
1532 2134 1571 2172 a
1596 2134 1715 2194 quo
1738 2115 1882 2174 victi
1910 2123 2197 2175 venerunt
2224 2116 2283 2173 in
2309 2114 2692 2178 deditionem.

789 2209 1030 2287 Cassius
1081 2210 1244 2271 mille
1285 2212 1607 2291 quingenta
1654 2211 1879 2271 talenta
1898 2212 1925 2248 ¹¹
1963 2212 2137 2271 victis
2182 2212 2512 2291 imperavit.
2599 2214 2697 2274 Ea

787 2308 1040 2385 pecunia
1061 2328 1197 2367 cum
1223 2309 1434 2367 acerbe
1462 2309 1818 2385 exigeretur,
1858 2306 2198 2377 Tarsenses,
2228 2309 2483 2368 venditis
2508 2312 2694 2370 omni-

787 2402 900 2461 bus
924 2402 1174 2481 publicis
1213 2404 1683 2481 templorumque
1716 2404 2093 2471 ornamentis,
2136 2422 2275 2463 mox
2312 2405 2491 2464 etiam
2533 2408 2697 2485 inge-

789 2520 910 2559 nua
931 2518 1182 2578 corpora
1207 2499 1401 2557 coacti
1441 2508 1577 2556 sunt
1616 2498 1928 2558 addicere:
1972 2498 2259 2579 multique
2286 2502 2487 2560 horum
2514 2506 2696 2563 servi-

790 2598 934 2657 tutis
957 2595 1136 2655 taedio
1159 2595 1274 2653 sibi
1299 2596 1711 2655 consciverunt
1730 2605 1993 2656 mortem.
2082 2596 2248 2657 Huic
2270 2596 2516 2659 fortunae
2545 2598 2694 2661 cas-

791 2696 910 2754 sius
935 2692 1369 2772 supervenienS,
1397 2694 1665 2753 misertus
1689 2703 1779 2753 est
1794 2694 2117 2764 hominum,
2136 2703 2199 2753 et
2216 2695 2449 2776 reliqua
2466 2698 2699 2757 civitati

793 2792 1167 2852 condonavit.

873 2894 972 2952 27.
1021 2890 1183 2952 Haec
1225 2892 1327 2951 ubi
1360 2890 1578 2951 Romae
1615 2900 1751 2951 sunt
1781 2892 2008 2962 audita,
2050 2894 2300 2963 tresviri,
2344 2913 2419 2951 ne
2460 2912 2697 2951 suarum

794 2986 1052 3065 partium
1077 2988 1342 3047 homines
1365 2988 1674 3048 concidere
1703 2989 1913 3047 animis
1933 2997 2293 3068 paterentur,
2310 2987 2698 3048 Tarsensibus

793 3082 1031 3163 publice
1055 3084 1436 3156 collaudatiS‚
1473 3104 1713 3165 operam
1750 3084 1989 3144 daturos
2023 3082 2421 3156 ostenderunt,
2461 3086 2547 3144 uti
2572 3084 2696 3144 cla-

792 3178 927 3239 dem
953 3201 1152 3241 eorum
1179 3204 1286 3243 sua
1312 3181 1669 3242 liberalitate
1690 3182 1979 3260 ocyssime
2020 3180 2412 3241 sublevarent.
2500 3179 2697 3240 Iidem

793 3285 855 3334 et
883 3276 1266 3358 Cleopatram
1292 3278 1686 3339 laudaverunt
1722 3278 1801 3336 ob
1826 3278 2131 3339 summissa
2160 3276 2498 3337 Dolabellae
2526 3279 2697 3337 auxi·-

795 3374 900 3442 lia,
924 3376 1426 3455 permiseruntque
1455 3376 1540 3432 uti
1569 3372 1694 3432 filio
1722 3372 2084 3446 Ptolemaeo,
2112 3394 2287 3455 quem
2314 3384 2596 3454 tanquam
2617 3394 2695 3433 ex

799 3470 1034 3531 Caesare
1077 3480 1436 3552 susceptum,
1484 3490 1556 3530 ne
1604 3472 1733 3551 ipso
1770 3473 2008 3552 quidem
2048 3473 2285 3533 Caesare
2328 3471 2694 3552 prohibente,

799 3568 1194 3628 Caesarionem
1230 3588 1441 3629 vocare
1475 3568 1728 3640 solebat,
1761 3570 1914 3647 regis
1948 3570 2192 3650 AEgypti
2235 3568 2697 3651 appellationem

797 3666 1102 3725 tribueret.

879 3768 978 3823 26.
1024 3762 1150 3823 Sub
1191 3760 1400 3822 eadem
1449 3772 1712 3843 tempora
1762 3762 2036 3822 Cassium
2087 3783 2320 3843 quoque
2375 3764 2693 3843 irrumpere

799 3869 1101 3939 parantem
1129 3860 1188 3918 in
1227 3856 1572 3939 AEgyptum,
1614 3858 1706 3917 M.
1754 3858 1925 3917 Bruti
1962 3859 2149 3918 literae
2190 3869 2561 3927 revocarunt,
2590 3858 2694 3917 tri-

801 3958 1154 4015 umvirorum
1197 3964 1544 4035 apparatum
1588 3963 1793 4014 contra
1836 3976 1897 4013 se
1945 3963 2005 4014 et
2050 3954 2295 4015 consilia
2340 3957 2694 4015 nuntianteS.

473 4047 605 4096 Plut.
629 4048 772 4097 Brut.
801 4062 822 4087 ‘
843 4049 1066 4129 Neque
1091 4072 1231 4111 vero
1267 4072 1328 4110 se
1365 4051 1639 4131 parandae
1672 4054 1909 4111 seorsim
1943 4054 2225 4133 potentiae
2267 4072 2467 4124 causa,
2504 4052 2607 4112 sed
2636 4062 2700 4111 ut

805 4231 888 4344 cl·
927 4232 1066 4281 Mille
1101 4233 1360 4295 quingenta
1397 4234 1599 4297 talenta]
1635 4234 1843 4285 Marcus
1881 4236 2083 4299 argenti
2124 4233 2447 4285 Parinienses
2490 4240 2699 4287 140625.

849 4311 944 4347 rev.
