3159 4959
581 433 755 499 5810

1538 448 1606 497 Τ.
1659 448 1848 499 mvn

902 610 1064 663 nere,
1104 594 1183 653 sit
1226 592 1477 651 facilius.
1561 592 1865 671 Quicquid
1909 610 2168 669 unquam
2209 589 2488 650 adversus
2523 608 2617 648 me
2655 608 2798 649 con-

903 692 1073 762 stitit,
1114 693 1288 749 armis
1324 700 1429 749 aut
1472 689 1912 749 mansuetudine
1955 709 2088 747 mea
2124 687 2406 748 domitum
2447 695 2572 745 est:
2624 688 2800 765 adju-

904 796 1058 847 tores
1092 788 1208 847 mei
1234 788 1450 847 mutuis
1474 788 1714 856 meritis,
1745 796 1805 845 et
1827 787 2234 846 communione
2259 784 2628 845 consiliorum
2654 805 2800 864 ope-

904 904 1143 963 rumque
1182 885 1503 944 arctissime
1537 884 1862 962 conjuncti,
1887 884 2176 942 neminem
2211 900 2442 961 sperare
2475 902 2568 939 res
2593 901 2800 953 novas,

902 982 1119 1042 nedum
1156 981 1366 1050 moliri,
1394 982 1714 1059 patiuntur.
1799 980 1920 1039 Sed
1957 979 2054 1039 fac
2087 998 2214 1038 esse
2237 980 2342 1057 qui
2369 978 2544 1038 ausit.
2628 979 2800 1044 Quid

902 1079 1078 1155 igitur
1123 1080 1365 1147 timebo,
1413 1078 1704 1137 maximos
1747 1076 2314 1156 pugnacissimosque
2361 1076 2584 1135 babens
2623 1094 2798 1133 exer-

900 1176 1073 1243 cituS,
1100 1174 1453 1252 eosdemque
1489 1172 1892 1241 fidelissimos3
1937 1173 2254 1231 instructus
2288 1172 2562 1251 pecunia,
2587 1171 2796 1236 sociis:

898 1280 984 1340 et,
1012 1268 1153 1349 quid
1188 1268 1417 1327 multa?
1484 1276 1682 1327 vestra
1711 1268 1999 1327 subnixus
2039 1267 2360 1347 populique
2391 1264 2650 1325 Romani
2693 1266 2797 1324 be·

901 1365 1256 1434 nevolentia,
1284 1366 1385 1443 qui
1422 1384 1515 1423 me
1544 1382 1790 1443 praeesse
1827 1364 2002 1423 rebus
2035 1362 2442 1422 communibus
2467 1381 2580 1421 non
2608 1362 2800 1421 sinitis

880 1460 1098 1530 modo,
1134 1460 1239 1519 sed
1270 1460 1541 1538 jubetis?
1625 1458 1796 1519 Istud
1837 1459 2380 1538 igitur-imperium,
2409 1456 2570 1535 quod
2609 1457 2800 1517 invito

900 1555 1068 1616 nulla
1110 1556 1198 1616 vis
1242 1556 1549 1626 ademerit,
1597 1576 1709 1634 ego
1741 1576 1907 1625 ecee,
1953 1554 2110 1634 quod
2153 1556 2294 1614 mihi
2337 1553 2795 1633 reipublicaeque

898 1654 1049 1713 bene
1083 1663 1295 1723 vertat,
1332 1653 1503 1712 laetus
1540 1654 1862 1731 lubensque
1899 1652 2148 1732 depono.

976 1756 1077 1809 86.
1122 1759 1139 1785 ‘
1174 1750 1339 1809 Eant
1376 1760 1603 1829 postea,
1629 1751 1732 1828 qui
1775 1758 1866 1809 tot
1901 1750 1980 1807 ab
2017 1749 2182 1809 annis
2215 1767 2308 1807 me
2343 1746 2650 1806 dimicasse
2686 1766 2794 1826 pro

898 1864 1031 1904 mea
1066 1847 1330 1924 potentia
1368 1854 1651 1914 mussant,
1679 1854 2060 1924 quaerantque
2093 1846 2208 1904 sibi
2233 1843 2572 1903 credituros.
2657 1842 2794 1919 Ego

894 1942 1053 2001 enim
1088 1944 1351 2022 protinus
1386 1950 1737 2023 potestatem
1763 1962 2016 2013 omnem,
2049 1940 2303 2010 Urbem,
2331 1939 2593 2009 Italiam,
2619 1958 2792 1997 exer-

894 2039 1071 2108 citus,
1100 2041 1449 2119 provincias,
1478 2060 1741 2119 quasque
1781 2040 1984 2118 accepi
2021 2060 2058 2097 a
2088 2038 2277 2107 vobis,
2305 2056 2567 2116 quasque
2593 2036 2794 2114 adjeci

899 2137 1186 2215 prioribus
1210 2158 1247 2197 a
1272 2157 1366 2195 me
1389 2136 1712 2206 confectas,
1733 2146 1986 2201 voetrum
2015 2140 2074 2195 in
2097 2136 2396 2195 arbitrium
2417 2134 2791 2203 transferens,

899 2231 1190 2291 validiora
1222 2234 1336 2291 mei
1374 2233 1551 2291 animi
1580 2232 1910 2292 matimonia
1933 2233 2217 2312 produco,
2243 2250 2418 2311 quam
2447 2240 2516 2289 ut
2537 2230 2664 2289 ulla
2687 2250 2790 2290 ca-

900 2328 1307 2389 lumniantium
1340 2331 1708 2409 malignitate
1743 2330 2170 2391 convellantur.
2256 2328 2360 2387 Ne
2395 2338 2588 2389 tamen
2625 2348 2664 2386 a
2693 2346 2788 2385 me

897 2436 987 2487 tot
1012 2446 1298 2486 aerumnas
1321 2426 1668 2507 laboresque
1690 2448 1762 2487 ac
1781 2427 2120 2487 discrimina
2139 2434 2353 2485 temere
2373 2444 2446 2485 sc
2467 2425 2590 2483 sine
2609 2440 2792 2483 causa

892 2533 1165 2603 suscepta
1209 2524 1445 2603 putetis,
1484 2523 1692 2583 ulcisci
1735 2525 1916 2603 patris
1951 2525 2062 2581 mei
2093 2523 2349 2598 (fatebor
2383 2522 2566 2599 enim)
2595 2520 2790 2599 indig-

894 2638 1029 2677 nam
1083 2638 1283 2678 necem
1330 2619 1527 2678 volui:
1580 2620 1752 2678 simul
1805 2621 2024 2700 eripere
2073 2618 2498 2699 rempublicam
2539 2637 2617 2677 ex
2663 2626 2786 2675 tam

894 2716 1071 2792 longa
1110 2714 1395 2774 malorum
1435 2716 1607 2782 serie,
1643 2735 1777 2794 quae
1819 2726 1882 2776 et
1919 2717 2022 2775 diu
2064 2726 2202 2776 ante
2235 2723 2554 2796 coeperant,
2595 2734 2784 2792 neque

886 2808 1154 2867 desitura
1178 2827 1459 2885 unquam,
1488 2810 1598 2868 nisi
1625 2812 1682 2869 vi
1713 2831 1784 2869 ac
1811 2812 1988 2871 armis
2013 2812 2194 2881 victa,
2220 2810 2588 2870 videbantur.

970 2911 1070 2966 87.
1114 2914 1132 2939 ‘
1165 2905 1374 2983 Atque
1410 2905 1636 2965 utinam
1670 2907 1766 2966 vel
1801 2909 2004 2986 quieta
2034 2908 2372 2988 reipublicae
2397 2916 2664 2986 tempora
2689 2907 2783 2966 fu·
2907 2974 2916 2983 ,

889 3002 1087 3069 issent,
1116 3001 1212 3060 vel
1248 3022 1323 3060 ea
1362 3001 1569 3061 saltem
1609 3002 1790 3072 mala,
1821 3024 1953 3082 quae
1983 3004 2174 3063 curari
2199 3003 2491 3062 consuetis
2515 3003 2788 3063 remediis

889 3107 1130 3174 possunt
1154 3097 1168 3155 l
1246 3097 1493 3162 Quanto
1518 3098 1854 3158 maluissem
1882 3102 1988 3161 sub
2016 3100 2210 3177 legum
2237 3101 2482 3179 imperio
2505 3098 2787 3159 adversus

888 3192 1083 3251 hostes
1120 3194 1523 3272 experimenta
1567 3195 1798 3253 virtutis
1833 3194 2042 3254 edere!
2129 3194 2249 3255 Sed
2289 3194 2530 3273 quando
2567 3214 2640 3253 eo
2675 3196 2782 3255 de-

886 3299 1125 3350 ventum
1164 3300 1311 3356 erat,
1342 3299 1407 3348 ut
1440 3290 1561 3349 sine
1599 3291 2022 3352 adolescentuli
2054 3310 2236 3371 opera
2269 3291 2520 3371 populus
2551 3289 2780 3352 Roma-

886 3404 995 3444 nus
1036 3406 1145 3445 nec
1186 3386 1495 3465 imperium
1534 3406 1790 3457 servare,
1837 3408 1944 3446 nec
1992 3386 2319 3445 libertatem
2353 3396 2569 3466 posset,
2605 3408 2782 3467 super

886 3500 1071 3539 annos
1106 3490 1336 3559 promte
1372 3480 1761 3561 alacriterque
1797 3483 2024 3562 suscepi
2065 3483 2384 3560 negotium,
2411 3482 2614 3562 idque,
2645 3482 2781 3543 Diis

884 3574 1243 3645 faventibus,
1270 3595 1447 3655 supra
1481 3578 1636 3637 vires
1670 3577 1922 3638 feliciter
1946 3578 2184 3659 perfeci.
2271 3579 2412 3644 Quo
2437 3579 2674 3657 quidem
2717 3581 2778 3639 in

880 3692 1084 3751 opere,
1106 3671 1245 3730 dum
1268 3673 1476 3731 vestris
1494 3674 1818 3733 commodis
1837 3676 2156 3754 patriaeque
2175 3674 2564 3745 consulerem,
2585 3674 2778 3734 nullus

880 3788 975 3827 me
1014 3767 1203 3839 labor,
1243 3767 1421 3827 nullae
1464 3770 1718 3829 hostium
1761 3772 1934 3829 minae
1975 3770 2410 3839 deterruerunt:
2468 3791 2584 3830 non
2631 3772 2776 3829 ami·

881 3884 1081 3923 corum
1129 3884 1349 3944 preces,
1392 3886 1505 3924 non
1550 3864 1872 3925 factionum
1919 3867 2112 3936 timor,
2159 3887 2274 3926 non
2315 3867 2772 3926 adversariorum

882 3963 1142 4020 amentia
1182 3981 1273 4019 me
1320 3961 1569 4021 dimovit
1605 3960 1682 4023 ab
1726 3963 2010 4031 instituto,
2051 3964 2361 4042 quominus
2401 3982 2610 4042 corpus
2649 3963 2773 4022 ani-

884 4075 1153 4135 mamque
1202 4067 1483 4137 perpetuo
1522 4078 1630 4138 pro
1673 4059 1840 4118 vobis
1873 4059 2134 4138 periculo
2173 4078 2548 4139 exponerem,
2585 4080 2772 4138 eaque

882 4150 1135 4211 facerem
1183 4175 1253 4214 ac
1300 4164 1547 4235 paterer,
1578 4176 1712 4236 quae
1755 4154 1912 4236 apud
1953 4156 2215 4215 conscios
2256 4174 2324 4215 ac
2365 4175 2647 4215 memores
2681 4175 2772 4213 re-

880 4247 1013 4326 ferri
1068 4249 1213 4313 nibil
1266 4253 1498 4314 attinet.
1608 4252 1868 4318 Quando
1920 4253 2094 4331 igitur
2143 4260 2206 4312 et
2249 4272 2360 4331 ego
2410 4254 2772 4334 propositum
