3159 4959
547 369 721 439 5796

1508 389 1577 437 Τ.
1627 386 1818 437 mvn

874 530 975 611 qui
1010 532 1233 608 majore
1269 528 1527 608 quadam
1562 518 2066 589 animadversione
2103 522 2288 603 digna
2301 527 2657 585 commisisse
2683 526 2776 585 di-

872 634 1097 695 centur,
1147 625 1225 684 ad
1272 634 1507 683 senatus
1544 626 1942 702 cognitionem
1987 622 2268 691 adduces,
2307 622 2480 701 eique
2521 642 2642 681 rem
2683 623 2775 681 in-.

870 730 1094 798 tegram
1130 721 1479 780 committes,
1564 719 1704 779 Nec
1744 720 1902 778 enim
1938 716 2259 778 verendum
2293 718 2538 787 erit,-ne
2573 720 2776 796 cujus-

873 836 1049 896 quam
1090 816 1343 893 gratiam
1382 824 1499 875 tuae
1538 814 1870 875 anteferant
1907 823 2141 894 patres:
2193 821 2288 881 et,-
2304 812 2442 893 ipsis
2481 812 2540 871 in
2565 814 2781 871 noxios

869 910 1331 981 vindicantibus,
1357 911 1420 970 hi
1456 912 1604 971 citra
1639 919 1804 970 tuam
1845 909 2128 969 invidiam
2156 909 2502 988 punientur;
2549 917 2612 967 et
2645 907 2778 978 alii,

872 1028 947 1067 ne
988 1017 1051 1066 et
1090 1008 1199 1087 ipsi
1242 1007 1483 1088 publico
1509 1015 1748 1066 senatus
1761 1006 1996 1085 judicio
2023 1013 2418 1085 exponantur,
2445 1012 2610 1063 tanto
2637 1001 2780 1061 dili-

872 1104 1105 1181 gentius
1142 1102 1366 1182 flagitio
1408 1103 1802 1162 abstinebunt.
1887 1100 2050 1161 Hoec
2092 1110 2287 1160 autem
2331 1100 2407 1158 de
2447 1100 2538 1158 bis
2575 1095 2776 1157 crimi-

871 1200 1045 1258 nibus
1082 1219 1176 1257 me
1210 1200 1424 1258 sentire
1460 1198 1816 1265 memineris,·
1835 1195 1910 1256 de
1945 1196 2159 1275 quibus
2185 1194 2522 1255 introducta
2547 1194 2779 1273 legibus

860 1295 1092 1373 judicia
1114 1296 1379 1355 exerceri
1402 1303 1852 1355 consueverunt.
1923 1292 2115 1363 Nam,
2135 1294 2184 1352 si
2207 1294 2340 1373 quis
2365 1293 2426 1351 in
2449 1302 2507 1350 te
2528 1291 2773 1351 forsitan

872 1390 1098 1470 aliquid
1134 1389 1538 1450 inclementius
1570 1390 1790 1449 dixisse
1828 1399 1932 1449 aut
1965 1387 2440 1448 contumeliosius
2475 1397 2776 1465 arguatur,

872 1486 933 1545 id
972 1506 1163 1566 neque
1198 1487 1247 1544 si
1277 1485 1577 1544 deferatur
1603 1484 1982 1553 audiendum,
2009 1502 2204 1562 neque
2227 1483 2556 1542 ullomodo
2579 1482 2778 1541 vindi-

870 1581 1124 1641 candum
1162 1583 1274 1641 aio.
1360 1580 1521 1641 Haec
1557 1580 1708 1640 talia
1733 1580 1810 1638 ad
1837 1582 2093 1639 animum
2121 1580 2450 1648 admittere,
2481 1578 2636 1638 male
2661 1578 2774 1637 i'm-

874 1678 1203 1757 perantium
1236 1687 1346 1747 est,
1372 1678 1475 1757 qui
1511 1676 1677 1737 dicta
1716 1686 1962 1756 possunt
1993 1676 2252 1747 credere,
2279 1697 2415 1757 quae
2449 1676 2570 1736 dici
2607 1678 2666 1735 in
2707 1696 2775 1735 se

870 1772 1079 1831 merito
1114 1792 1281 1851 posse
1321 1773 1594 1832 sentiunt.
1680 1774 1999 1833 Conscium
2033 1774 2182 1833 bene
2217 1781 2396 1850 gestae
2431 1772 2774 1852 reipublicae

872 1888 1085 1945 magno
1110 1888 1233 1927 esse
1262 1870 1458 1928 animo
1483 1868 1679 1939 decet,
1708 1888 1816 1928 nec
1843 1878 1946 1927 aut
1968 1870 2207 1928 credere
2234 1868 2398 1927 falsis
2423 1868 2628 1927 horum
2657 1870 2774 1929 cri-

872 1964 1091 2023 minum
1130 1965 1383 2036 indiciis,
1412 1974 1518 2025 aut
1552 1966 1703 2024 veris
1735 1966 2110 2026 commoveri.
2197 1964 2364 2024 Nam
2401 1974 2462 2023 et
2497 1966 2600 2043 qui
2642 1966 2772 2024 haec

872 2062 1243 2140 impatienter
1281 2060 1498 2131 ferunt,
1525 2060 1748 2121 nudum
1789 2060 2058 2139 praebent
2091 2060 2400 2120 maledicis
2435 2060 2610 2130 latus,
2645 2058 2772 2118 effi-

872 2138 1153 2235 ciuntque
1199 2166 1267 2215 ut
1306 2158 1415 2215 bos
1448 2156 1703 2215 delectet
1737 2156 2104 2215 rumusculos
2141 2176 2436 2235 spargere,
2463 2174 2622 2235 'quos
2659 2156 2770 2214 tibi

870 2250 1059 2311 dolori
1100 2252 1327 2312 futuros
1346 2274 1473 2312 esse
1498 2250 1820 2312 confidant.
1902 2251 1992 2311 Te
2019 2273 2160 2313 vero
2184 2252 2582 2311 sublimiorem
2609 2254 2772 2311 omni

870 2349 1179 2407 verborum
1226 2348 1583 2409 contumelia
1627 2346 1814 2407 videri
1861 2346 2057 2406 refert.
2163 2346 2266 2406 Ne
2311 2348 2512 2427 itaque
2561 2357 2666 2406 aut
2712 2350 2772 2406 in

872 2444 1066 2502 animo
1092 2453 1195 2503 tuo
1218 2445 1519 2524 concipias
1543 2444 1696 2503 banc
1723 2445 2079 2523 opinionem,
2107 2454 2212 2503 aut
2236 2442 2369 2503 aliis
2395 2444 2772 2524 concipiendi

869 2560 1107 2599 causam
1148 2542 1431 2619 praebeas,
1460 2539 1638 2599 ullius
1673 2550 1732 2599 te
1770 2540 2138 2600 immodestia
2178 2542 2300 2620 peti
2336 2560 2540 2619 posse:
2579 2550 2646 2600 ut
2679 2560 2771 2601 as-

870 2645 1140 2695 suescant
1162 2638 1429 2695 homines
1452 2635 1606 2695 idem
1631 2636 1706 2695 de
1734 2646 1794 2695 te
1820 2637 2055 2705 sentire,
2083 2636 2242 2716 quod
2268 2636 2344 2695 de
2374 2636 2511 2695 Diis
2536 2636 2769 2697 immor-

870 2732 1091 2791 talibus
1116 2733 1405 2799 sentiunt:
1454 2740 1765 2809 augustum
1793 2740 1853 2789 te
1882 2741 2060 2811 atque
2086 2731 2482 2791 venerandum
2509 2752 2654 2792 esse.

950 2832 1049 2888 57.
1095 2835 1111 2861 ‘
1143 2824 1249 2883 Sin
1288 2846 1425 2885 vero
1458 2826 1571 2885 tibi
1604 2826 1737 2906 quis
1763 2826 2000 2885 insidias
2022 2827 2301 2886 struxisse
2325 2826 2577 2897 dicatur,
2605 2831 2768 2906 (nam

869 2931 933 2981 et
966 2922 1077 2981 hoc
1114 2924 1349 2982 evenire
1385 2928 1630 3002 potest,)
1659 2923 1860 2981 intua
1891 2941 2072 2984 causa
2087 2922 2278 3000 judex
2305 2921 2463 2981 idem
2500 2933 2562 2982 et
2595 2944 2770 2983 accu-

868 3026 1027 3077 sator
1069 3038 1193 3078 esse
1235 3018 1353 3078 noli
1378 3040 1393 3079 ε
1422 3021 1559 3080 boc
1603 3020 1758 3078 enim
1801 3026 1964 3079 recta
2005 3022 2156 3079 ratio
2195 3020 2509 3099 repudiat:
2563 3019 2668 3080 sed
2708 3021 2768 3079 in

866 3123 1075 3174 senatu
1119 3116 1390 3193 cognosci
1421 3116 1597 3194 jube,
1623 3117 2078 3194 convictumque
2115 3117 2282 3196 puni,
2307 3116 2411 3175 sed
2448 3138 2625 3195 quam
2661 3138 2771 3197 po-

868 3211 1008 3269 teris
1048 3212 1527 3270 mansuetissime.
1629 3209 1734 3270 Sic
1774 3211 1929 3269 enim
1971 3212 2324 3290 persuaseris
2365 3214 2661 3283 omnibus,
2709 3222 2768 3272 te

868 3326 983 3366 non
1026 3308 1103 3366 ab
1138 3309 1227 3365 ira
1266 3316 1380 3366 auu
1392 3306 1531 3365 odio
1558 3310 1620 3365 in
1647 3306 1844 3365 hostes
1869 3306 2360 3376 animadvertere,
2385 3308 2436 3366 si
2459 3318 2768 3369 contanter

865 3410 927 3461 et
964 3403 1148 3461 invito
1183 3401 1513 3461 simillimus
1549 3401 1627 3460 ad
1666 3402 1986 3460 vindictam
2026 3403 2293 3482 prodeas,
2321 3405 2766 3485 neque‘cupide

867 3497 927 3557 in
953 3517 1311 3577 quenquam,
1336 3508 1441 3557 aut
1466 3496 1777 3557 crudeliter
1801 3496 2092 3557 consulas.
2177 3498 2410 3559 Fictum
2436 3502 2592 3559 enim
2618 3500 2768 3560 alias

864 3595 1081 3653 crimen
1124 3595 1417 3673 putabunt
1456 3604 1698 3674 propter
1733 3594 2002 3654 occultas
2027 3614 2274 3655 causas:
2317 3616 2424 3655 nec
2449 3597 2605 3656 enim
2629 3614 2766 3677 pro-

866 3690 1064 3749 babile
1110 3700 1220 3760 est,
1264 3710 1601 3770 quenquam
1651 3692 1930 3751 inermem
1969 3700 2198 3751 armato
2237 3692 2477 3751 insidias
2521 3702 2760 3753 struere.

867 3784 1121 3845 Diversa
1167 3786 1277 3844 erit
1320 3788 1615 3845 exereitus
1660 3788 2049 3846 obtinentium
2095 3806 2310 3845 causa:
2361 3787 2568 3846 borum
2589 3790 2763 3847 ‘enim

864 3880 1129 3959 quisquis
1154 3882 1447 3961 insurgere
1473 3881 1531 3941 in
1558 3891 1620 3941 te
1643 3883 1975 3952 conabitur,
2004 3901 2118 3941 non
2145 3882 2401 3960 judicio,
2427 3883 2530 3943 se‘d
2566 3886 2760 3954 armis,

865 3975 1107 4053 professi
1147 3977 1331 4036 bostis
1374 3978 1573 4047 instar,
1603 3977 2024 4058 percellendus
2069 3986 2186 4036 est.·
2258 3977 2420 4037 Haec
2465 3979 2660 4056 igitur,
2699 3992 2764 4041 et

864 4078 1191 4129 ceterorum
1220 4072 1475 4152 plurima
1500 4082 1560 4132 et
1585 4074 1846 4145 maxima
1873 4071 2238 4153 publicorum
2275 4074 2633 4151 neg-otiorum
2669 4096 2760 4136 se-

864 4164 1027 4225 natui
1074 4168 1259 4227 trade.
1365 4168 1720 4231 Communia
1761 4170 1920 4245 enim
1963 4170 2348 4229 communiter
2374 4172 2627 4230 ‘tractari
2651 4180 2760 4231 est
