3159 4959
564 426 737 491 5858

566 680 693 730 Fasti
708 680 868 743 capit.

567 746 695 795 Plin.
718 760 766 793 v.
786 752 834 796 5.

574 1255 721 1303 Solin.
736 1256 840 1303 mal
855 1289 868 1304 .

570 1318 695 1367 Plin.

574 1675 716 1739 Pigh.
742 1674 874 1723 Anu.

578 1933 693 1982 Dio.

583 2342 713 2391 ven.
724 2360 783 2392 n.
796 2348 879 2393 90.

610 2408 654 2455 T
654 2422 728 2456 ac.
750 2409 877 2458 Anu.

587 2487 670 2518 nr.
688 2476 773 2521 56.

582 2534 701 2584 Dio.

1526 440 1596 488 Τ.
1645 438 1837 485 mvn

890 600 1015 641 rum
1057 579 1385 659 triumphus
1428 578 1563 648 fuit,
1606 597 1782 657 quem
1819 596 1927 657 pro
1967 574 2206 635 consule
2241 574 2418 635 duxit
2451 594 2530 635 ex
2573 574 2790 637 Africa

892 693 985 735 v1.
1031 674 1341 735 Kalendas
1380 674 1649 753 Apriles,
1693 674 1870 733 victis
1907 670 2398 741 Garamantibus,
2439 690 2590 749 quos
2627 670 2793 731 nulla

888 772 1031 831 dum
1081 769 1363 830 Romana
1398 788 1561 829 arma
1603 768 1994 847 perculerant.
2081 766 2221 826 Nec
2273 785 2410 825 cum
2459 767 2792 827 hominibus

890 866 1091 934 modo,
1116 864 1223 925 sed
1252 865 1439 941 magis
1472 884 1612 923 cum
1647 864 1747 922 siti
1782 862 2186 923 dimicandum
2226 861 2382 929 fuit3
2427 862 2588 941 quod
2629 862 2792 942 putei

892 960 1083 1020 arenis
1111 961 1341 1037 injectis
1364 958 1840 1019 occultabantur.
1923 956 2066 1018 Nec
2091 955 2226 1016 ideo
2261 958 2453 1016 minus
2488 956 2794 1017 Phazani-

892 1074 1056 1117 orum
1084 1064 1148 1115 et
1176 1054 1614 1114 Garamantum
1637 1052 1862 1133 oppida
1888 1052 2142 1132 plurima
2169 1061 2372 1131 capta,
2413 1071 2662 1131 quorum
2687 1074 2794 1113 no-

893 1150 1241 1211 bilissimum
1272 1149 1495 1209 Debris
1532 1150 1614 1207 ob
1639 1149 1860 1207 fontem
1897 1149 2062 1207 mirae
2089 1158 2338 1217 uaturae,
2366 1156 2428 1207 et
2451 1157 2634 1227 eaput
2657 1168 2796 1226 gen-

893 1247 971 1305 tis
996 1246 1285 1306 Garama.
1371 1244 1511 1304 Nec
1537 1244 1916 1323 triumpbatae
1939 1251 2168 1303 tantum
2197 1242 2470 1311 nationis,
2495 1242 2602 1303 sed
2621 1244 2796 1305 etiam

896 1343 1311 1422 triumphantis
1346 1342 1581 1401 novitas
1628 1339 2002 1401 illustriorem
2049 1340 2206 1399 hunc
2245 1340 2303 1397 ei
2349 1337 2587 1397 titulum
2634 1339 2797 1425 fecit,

896 1436 1175 1497 Gadibus
1218 1444 1391 1497 natus
1436 1436 1743 1497 civitatem
1780 1433 2118 1495 Romanam
2153 1454 2288 1494 cum
2329 1436 2552 1511 majore
2599 1426 2796 1495 Balbo

896 1541 1109 1611 patruo
1152 1553 1256 1592 suo
1302 1540 1636 1610 acceperat.
1722 1528 1864 1589 Nec
1905 1544 2240 1609 quenquam
2297 1528 2376 1589 ad
2415 1548 2491 1589 ea
2537 1538 2798 1609 tempora

897 1628 1303 1706 triumphasse,
1333 1627 1443 1687 nisi
1471 1626 1814 1685 Romanum
1843 1635 2070 1694 natum,
2099 1625 2496 1685 meminerant.
2542 1624 2644 1685 Ex
2671 1625 2799 1685 Ka-

900 1722 1093 1781 lendis
1138 1721 1319 1782 Juliis
1362 1724 1497 1800 ejus
1538 1722 1678 1781 anni
1723 1720 1816 1779 Μ.
1855 1720 2148 1781 Vinucius
2189 1720 2559 1781 consulatum
2583 1721 2798 1798 gessit:

900 1818 1107 1889 ceteri,
1136 1837 1273 1877 nam
1299 1818 1461 1877 haud
1488 1816 1668 1877 dubie
1689 1815 1924 1877 suffecti
1943 1816 2140 1896 plures
2164 1816 2421 1887 fuerunt,
2441 1817 2795 1893 ignorantur.

986 1921 1086 1973 36.
1132 1914 1227 1973 At
1249 1934 1501 1993 sequens
1526 1932 1735 1984 annus,
1761 1932 1882 1991 quo
1902 1912 2024 1972 duo
2051 1912 2320 1973 Cornelii
2361 1912 2598 1972 Lentuli
2626 1913 2796 1973 Pub-

904 2009 1019 2069 lius
1036 2009 1127 2083 Ρ.
1159 2008 1230 2069 F.
1260 2018 1323 2069 et
1348 2008 1567 2069 Cnaeus
1603 2007 1673 2067 L.
1705 2007 1775 2067 F.
1801 2007 2173 2067 consulatum
2209 2016 2533 2085 gesserunt,
2583 2008 2798 2087 Agrip-

880 2110 1041 2183 'pam
1080 2104 1506 2184 propemodum
1552 2105 1612 2163 in
1656 2123 1762 2183 par
1799 2102 2024 2163 Caesari
2059 2102 2362 2182 fastigium
2397 2112 2697 2182 receptum
2721 2106 2799 2164 ab

904 2202 1031 2279 ipso
1057 2200 1257 2260 vidit.·
1344 2200 1587 2279 Quippe
1621 2198 1927 2278 Augustus
1962 2200 2020 2259 in
2048 2200 2275 2279 optimo
2301 2199 2600 2281 proposito
2623 2199 2803 2259 refor-

902 2296 1137 2357 mandae
1161 2296 1505 2376 reipublicae·
1528 2294 1772 2355 insidias
1795 2296 2029 2366 timens,
2071 2304 2142 2355 ut
2168 2298 2248 2356 ab
2291 2296 2384 2355 his
2417 2303 2574 2355 esset
2613 2303 2804 2355 osten-

904 2391 1131 2453 tatione
1158 2393 1351 2472 parati
1376 2390 1630 2452 vindicis
1653 2393 1856 2461 tutior,
1900 2391 2236 2471 Agrippam
2258 2391 2586 2451 tribunitiae
2613 2399 2807 2470 potes—

906 2489 1044 2549 tatis
1088 2488 1383 2566 collegam
1428 2486 1758 2547 declaravit
1809 2488 1866 2546 in
1920 2487 2409 2566 quinquennium.
2490 2486 2614 2545 Tot
2653 2486 2806 2546 enim

908 2603 1093 2643 annos
1135 2581 1399 2643 sufficere
1440 2582 1797 2642 dictitabat:
1839 2600 1976 2641 cum
2019 2582 2268 2641 eandem
2314 2590 2664 2661 potestatem
2707 2602 2811 2661 per

908 2678 1258 2737 decennium
1292 2680 1428 2754 jam
1468 2678 1757 2735 tenuisset
1773 2696 1792 2744 3
1816 2684 1840 2708 ⁰
1877 2685 1962 2745 et,
1989 2675 2196 2756 elapso
2231 2677 2346 2737 boc
2371 2696 2610 2756 quoque
2635 2678 2811 2757 quin-

909 2772 1189 2849 quennio,
1216 2772 1275 2829 in
1306 2771 1471 2831 aliud
1496 2770 1850 2831 decennium
1875 2780 2032 2829 esset
2057 2781 2451 2852 accepturus-⁹

988 2873 1087 2930 37.
1129 2866 1284 2925 Tum
1306 2874 1507 2925 autem
1532 2866 1876 2943 ingentibus
1901 2867 2058 2927 curis
2079 2867 2405 2939 districtus,
2427 2869 2809 2947 quemadmo-

908 2964 1051 3024 dum
1075 2960 1225 3023 citra
1244 2962 1569 3043 periculum
1597 2982 1912 3043 repurgare
1935 2964 2172 3023 curiam·
2186 2973 2403 3043 posset,
2431 2983 2566 3023 cum
2584 2967 2810 3047 Agrip-

912 3079 991 3140 pa
1016 3059 1303 3137 agitabat.
1390 3056 1454 3117 N
1458 3077 1553 3117 am
1582 3066 1644 3117 et
1669 3078 1974 3118 numerum
1990 3061 2159 3137 justo
2186 3060 2436 3137 putabat
2461 3062 2811 3140 ampliorem

910 3175 1061 3227 esse,
1090 3163 1153 3214 et
1186 3174 1311 3235 non
1347 3160 1579 3213 tantum
1613 3154 1858 3215 infamia
1883 3154 2160 3214 vitiorum
2194 3155 2456 3227 obrutos,
2497 3155 2602 3215 sed
2627 3158 2808 3217 etiam

980 3352 1009 3380 ⁸
1048 3352 1115 3401 A.
1136 3352 1203 3401 U.
1228 3352 1290 3401 C.
1312 3356 1429 3403 ⁷24.
1494 3352 1561 3400 A.
1585 3352 1646 3401 C.
1671 3356 1748 3401 ls.

978 3423 1001 3448 ⁰
1038 3416 1158 3465 Cum
1192 3418 1386 3463 eandem
1427 3421 1706 3478 potestatem
1745 3429 1829 3477 per

915 3478 1303 3539 decenniumjam
1323 3480 1575 3542 tenuisset]
1619 3478 1718 3527 Hic
1741 3492 1828 3527 sn·

915 3557 1014 3593 nus
1078 3550 1161 3592 est
1219 3542 1499 3591 tribunitio,
1552 3542 1828 3604 potestatis

918 3605 1142 3670 Augusti
1165 3606 1371 3670 quintus
1390 3622 1455 3653 ex
1482 3606 1648 3654 Fastis
1677 3606 1832 3683 Capi-

918 3670 1121 3731 tolinis3
1160 3678 1357 3731 sextus,
1370 3684 1436 3717 ex
1460 3676 1632 3718 mente
1648 3670 1836 3731 Taciti,

920 3751 959 3785 ι.
982 3736 1119 3785 Ann.
1138 3739 1187 3784 9.
1224 3734 1347 3783 vid.
1368 3738 1673 3796 supra,c.8.
1717 3736 1834 3785 Nec

922 3812 1043 3849 vero
1088 3800 1185 3849 Dio
1224 3798 1530 3849 adversatur
1569 3798 1736 3848 Fastis
1780 3807 1836 3849 et

920 3864 1123 3913 Tacito.
1194 3862 1309 3912 Non
1354 3864 1489 3911 euim
1534 3864 1731 3921 scribit,
1776 3872 1835 3913 ut

918 3927 1005 3977 hic
1028 3927 1425 3987 Freinshemius,
1444 3926 1726 3986 Augu-tum
1743 3942 1837 3989 per

922 3992 1227 4041 decennium
1255 3992 1365 4054 jam
1398 3992 1717 4041 tribunitiam
1748 4007 1834 4054 po·

922 4064 1162 4105 testatem
1198 4056 1443 4119 tenuisse,
1463 4056 1555 4105 sed
1591 4055 1834 4105 decenni·

922 4120 1838 4235 witti?¹22‘'2⁸,?{3⁸÷„'÷i¹t,'⁹⁰⁰§3·

926 4256 1129 4297 merant
1170 4261 1353 4311 nenipe
1397 4263 1429 4296 a
1468 4249 1692 4311 septimo
1731 4250 1838 4299 Au·

1894 3352 2030 3415 gusti
2053 3353 2346 3415 consulatu,
2366 3368 2488 3419 quo,
2507 3369 2624 3404 cnm
2649 3355 2812 3419 impe-

1896 3418 2024 3465 rium
2058 3418 2299 3467 abdicare
2324 3432 2379 3468 se
2403 3418 2710 3474 simulasset,
2732 3434 2813 3469 re·

1895 3481 2062 3529 tinere
2105 3480 2229 3529 illud
2278 3497 2310 3530 a
2351 3490 2535 3532 senata
2579 3490 2814 3544 coactns,

1894 3544 1944 3593 in
1979 3544 2285 3597 decennium
2315 3546 2614 3611 reipublicae
2636 3562 2814 3598 curam

1897 3610 2160 3672 suscipere
2185 3624 2240 3658 se
2260 3608 2522 3674 professus
2545 3620 2643 3662 est.
2695 3612 2817 3663 vid.

1899 3687 2054 3735 supra
2075 3678 2412 3725 cumam.
2450 3678 2591 3725 cres.

1964 3744 1989 3777 Ρ
2029 3738 2117 3795 Et,
2147 3740 2304 3801 elapso
2341 3739 2428 3789 lm
2461 3754 2638 3803 qaoque
2677 3742 2816 3805 quain-

1899 3802 2118 3864 quesm'o,
2144 3802 2198 3851 in
2230 3804 2364 3853 aliud
2394 3806 2670 3853 decennius·
2697 3811 2817 3854 esset

1897 3866 2191 3929 accepturus]
2213 3868 2404 3915 Parum
2425 3869 2562 3917 clara
2580 3876 2702 3916 sunt
2721 3870 2817 3919 boe

1898 3929 2015 3979 loeo
2041 3931 2220 3979 Dionis
2245 3930 2419 3980 verbs.
2491 3932 2616 3997 Ejus
2640 3940 2815 3983 tamen

1899 4008 2042 4043 mens
2063 3994 2172 4043 baec
2193 4008 2307 4043 esse
2338 3996 2575 4044 videtur:
2614 3995 2817 4059 Angus-

1900 4064 2007 4106 tum
2025 4058 2253 4121 regimen
2279 4072 2448 4107 rerum
2467 4061 2519 4108 in
2537 4060 2822 4123 quinquen·

1901 4122 2040 4172 nium
2071 4130 2192 4173 tunc
2225 4132 2522 4187 acceptum,
2544 4125 2595 4173 in
2629 4125 2820 4175 decen-

1903 4188 2039 4235 nium
2071 4186 2374 4237 extraxisse.
2429 4188 2548 4239 Vid.
2581 4197 2636 4239 et
2663 4187 2814 4251 infra,

1903 4263 2022 4301 cxi..
2048 4254 2128 4301 17.
2167 4252 2308 4301 cm.
