3159 4959
899 462 1106 511 mani
1157 438 1494 511 cxxviii.
1539 462 2181 517 summulam-uu.
2356 527 2361 533 ‚
2412 521 2419 528 ,
2466 450 2649 516 5633

509 610 607 666 39.
653 602 816 663 Inter
855 624 1002 683 quos
1044 602 1136 663 M.
1183 604 1437 687 Oppius,
1485 616 1725 686 propter
1769 608 2047 687 pietatem
2096 610 2155 666 in
2206 628 2314 689 pa-
2374 622 2581 688 Appias.

427 708 646 759 rentem
667 708 864 778 gratus
897 698 1083 778 plebi,
1123 720 1256 758 cum
1285 701 1629 761 aedilitatem
1659 706 2099 782 praetermittere
2124 712 2312 762 statu·
2336 686 2442 799 gif·
2481 706 2555 741 Π·
2582 696 2633 737 ‘²‘

423 796 579 867 isset,
609 798 758 875 stipe
784 794 1004 855 collata
1039 816 1215 873 seque
1242 806 1302 855 et
1329 796 1651 876 impensam
1676 818 1977 858 munerum
2003 800 2274 859 exhibuit
2290 809 2315 859 ἕ
2390 768 2449 801 '⁰'

421 912 554 952 cum
579 886 758 951 etiam
784 892 840 950 in
869 891 1159 950 theatrum
1197 893 1437 970 ingressi
1471 893 1714 972 quidam
1742 894 2087 955 histrionum
2116 898 2311 977 specie

415 1008 550 1047 cum
593 988 876 1068 personis,
915 987 1220 1065 pecuniam
1260 988 1673 1056 contulerunt:
1720 990 2041 1048 animorum
2076 982 2307 1051 suorum

416 1082 804 1163 obsequentes
816 1082 1088 1161 judicio;
1120 1082 1466 1162 periculum,
1497 1105 1568 1143 ne
1595 1085 1847 1143 inimicis
1870 1086 2303 1147 triumvirorum

417 1176 628 1237 favisse
653 1178 1003 1248 dicerentur,
1040 1177 1152 1237 hac
1178 1180 1450 1238 cautione
1483 1180 1750 1261 vitantes.
1782 1164 1791 1173 ’
1834 1180 1974 1240 Nec
2010 1182 2109 1240 hic
2148 1185 2310 1242 stetit

415 1275 474 1332 in
503 1274 766 1354 Oppium
803 1274 1008 1354 populi
1051 1293 1247 1333 amor-t
1291 1276 1431 1353 quin
1477 1286 1538 1334 et
1569 1286 1859 1335 mortuum
1886 1277 2063 1355 paulo
2090 1288 2221 1359 post
2246 1280 2305 1338 in

417 1368 651 1449 Campo
701 1368 926 1428 Martio
963 1368 1274 1429 funeravit.
1373 1370 1493 1429 Sed
1541 1372 1767 1430 invidia
1808 1372 2130 1431 nobilitatis
2176 1392 2307 1433 ossa

414 1465 630 1545 sepulti
657 1466 943 1525 translata
969 1475 1104 1524 sunt
1129 1465 1267 1537 alio,
1298 1456 1676 1547 pontificibus
1697 1468 2083 1538 monentibus,
2110 1469 2305 1529 locum

411 1580 640 1619 sacrum
668 1581 813 1631 esse,
857 1582 1046 1639 neque
1072 1562 1587 1621 contaminandum
1618 1570 1973 1621 mortuorum
2000 1564 2261 1643 reliquiis
2284 1584 2303 1622 t

411 1678 548 1719 cum
598 1668 793 1717 tamen
837 1656 1052 1717 multos
1092 1658 1175 1717 ibi
1219 1655 1450 1739 sepeliri
1489 1667 1551 1717 et
1594 1658 1743 1738 passi
1778 1660 1911 1737 jam
1962 1664 2026 1717 e't
2077 1662 2301 1738 passuri

413 1763 624 1815 essent.

489 1858 586 1911 40.
631 1850 860 1911 Eodem
901 1871 1040 1927 vere
1085 1852 1178 1913 M.
1209 1852 1509 1912 Antonius
1549 1852 1810 1912 Athenis
1845 1852 2128 1930 egressus,
2165 1871 2297 1912 cum
2356 1883 2571 1947 Appias.

409 1948 685 2007 trecentis
711 1945 981 2018 navibuS,
1025 1948 1323 2007 Brundisii
1361 1968 1474 2007 non
1518 1958 1807 2029 receptus,
1844 1946 2297 2028 Tarentum‘ap-
2325 1948 2431 1997 civ.
2458 1966 2508 1997 v.

409 2042 582 2122 pulit,
623 2044 967 2123 promissum
1016 2044 1238 2102 Caesari
1285 2043 1570 2100 auxilium
1618 2043 1825 2101 ferens.
1926 2042 2048 2101 S'ed
2095 2043 2301 2102 Caesar
2324 2012 2459 2123 3¹2²·

406 2146 720 2218 expectare
743 2139 879 2197 dum
901 2158 1008 2196 sua
1026 2139 1229 2197 classis
1253 2146 1464 2216 praesto
1484 2144 1657 2207 esset,
1686 2136 1895 2196 maluit
1914 2140 1941 2195 τ’
1958 2136 2098 2197 licet
2115 2138 2295 2197 semel
2321 2138 2535 2203 Appias.

407 2234 730 2312 iterumque
757 2234 1056 2302 invitatuS,
1083 2242 1150 2291 ut
1176 2236 1459 2311 apparatu
1488 2232 1763 2302 Antonii,
1790 2232 2105 2291 suffecturo
2130 2232 2206 2290 ad
2232 2233 2293 2291 id

403 2328 648 2399 bellum,
686 2339 961 2389 uteretur.
1047 2328 1404 2407 Apparebat
1428 2328 1655 2407 aliquid
1683 2329 1919 2386 subesse
1944 2326 2197 2406 querel'oe
2222 2334 2293 2388 ac‘

402 2424 819 2504 suspicionum.
903 2422 1141 2483 Idcirco
1169 2422 1450 2492 Octavia,
1495 2442 1629 2501 quae
1670 2424 1951 2481 comitata
1984 2420 2175 2482 virum
2216 2444 2292 2482 ex

404 2506 648 2579 Graecia
685 2520 900 2590 fuerat,
943 2518 1216 2578 exoravit
1255 2536 1412 2586 eum,
1451 2528 1516 2577 ut
1555 2519 1632 2576 ad
1670 2519 1907 2577 fratrem
1946 2520 2289 2579 mitteretur.
2314 2534 2445 2585 Plut.

401 2612 678 2674 ‘Alteram
704 2636 778 2675 ea
791 2618 922 2694 jam
951 2614 1134 2673 filiam
1164 2613 1321 2695 apud
1351 2612 1682 2673 Antonium
1712 2621 2039 2694 pepererat,
2080 2621 2143 2673 et
2163 2624 2289 2674 tum

399 2710 577 2769 etiam
602 2720 729 2769 erat
757 2730 1084 2791 praegnans.

478 2809 579 2865 41.
624 2802 785 2865 Haec
813 2806 871 2864 in
900 2806 1108 2864 itinere
1146 2822 1455 2862 occurrens
1483 2803 1731 2874 Caesari,
1767 2803 2059 2882 primariis
2084 2806 2289 2866 amieis

398 2905 528 2981 eJus
553 2900 845 2979 adjunctis
873 2898 1209 2960 Maecenate
1251 2908 1311 2959 et
1346 2900 1641 2978 Agrippa,
1686 2900 1876 2958 m'ulta
1912 2920 2149 2979 precum
2179 2902 2288 2961 hu-

400 2996 646 3059 militate
671 2998 999 3067 contendit,
1042 3004 1060 3032 ‘
1090 3016 1162 3055 ne
1187 3016 1250 3054 se
1275 2997 1659 3055 miserrimam
1680 2996 1937 3055 omnium
1962 3006 2283 3057 matronam

397 3114 474 3153 ex
526 3094 785 3154 omnium
835 3092 1172 3151 felicissima
1215 3090 1400 3169 redigi
1445 3099 1761 3169 pateretur.
1846 3090 2035 3151 Nunc
2086 3094 2286 3163 enim,'

397 3191 607 3270 inquit,
669 3197 687 3223 ‘
735 3196 893 3248 totus
937 3186 1094 3247 orbis
1132 3206 1226 3245 me
1278 3186 1511 3244 beatam
1563 3184 1871 3264 praedicat,
1922 3187 2283 3265 suspicitque

394 3284 643 3344 duorum
695 3285 1125 3365 imperatorum,
1173 3281 1413 3341 alterius
1461 3298 1737 3348 sororem,
1787 3279 2027 3339 alterius
2075 3284 2282 3359 conju·

395 3401 545 3459 gem.
627 3378 736 3440 Sin
780 3399 940 3449 vero,
980 3376 1137 3458 quod
1165 3376 1271 3436 Dii
1317 3396 1392 3435 ne
1433 3375 1639 3434 sirint!
1684 3394 1869 3455 prava
1892 3375 2142 3436 consilia
2176 3396 2281 3436 vos

395 3474 454 3536 in
489 3468 712 3537 bellum
753 3476 996 3555 egerint,
1044 3484 1172 3534 uter
1209 3482 1464 3533 vestrum
1505 3472 1585 3531 sit
1618 3471 1848 3531 futurus
1890 3474 2173 3553 superior,
2216 3473 2274 3533 in

381 3552 614 3632 'incerto
659 3574 804 3641 erit;
849 3590 1028 3630 unum
1069 3572 1182 3629 erit
1221 3570 1630 3639 certissimum,
1670 3586 1787 3640 me,
1828 3570 2277 3647 utcumque‘roe

391 3668 692 3740 ceciderit,
740 3669 797 3727 in
839 3676 1122 3749 perpetua
1160 3666 1528 3726 solicitudine
1559 3672 1637 3723 et'
1662 3664 1826 3723 luctu
1870 3663 1993 3725 fore
2011 3685 2028 3734 ;
2071 3654 2168 3724 cui
2206 3666 2269 3723 in
2384 3718 2395 3731 ,

390 3764 656 3845 qualibet
705 3764 814 3824 viri
861 3762 1190 3842 fratrisque'
1222 3763 1477 3831 fortuna,
1529 3770 1760 3839 semper
1806 3748 1941 3839 plus
1994 3759 2273 3819 offeretur

389 3859 550 3941 quod
587 3860 831 3930 cruciet,
865 3878 1038 3938 quam
1077 3856 1542 3947 quod-reficiat!
1624 3855 1831 3914 Caesar
1870 3854 1947 3913 ad
1993 3854 2121 3913 haec
2161 3856 2267 3913 ob-
2293 3872 2511 3940 Appiam.

377 3957 590 4035 jicere,
629 3964 650 3993 ⁴
678 3976 740 4017 se
766 3954 1056 4016 desertum
1083 3954 1159 4013 ab
1187 3953 1478 4021 Antonio,
1518 3951 1839 4012 maximum
1864 3952 1923 4011 in
1960 3948 2267 4009 discrimen

383 4054 701 4117 incidisse:
742 4054 845 4116 sed
893 4060 953 4112 et
991 4034 1229 4111 missum
1267 4051 1330 4109 in'
1369 4047 1655 4110 Africam·
1686 4035 1811 4108 esse
1854 4044 2165 4122 caniani}
2204 4056 2271 4111 ut

819 4248 843 4285 Ι
880 4245 1108 4315 Calliam]
1145 4242 1659 4299 ubertum·Antonti.
1699 4244 1842 4297 cra.
