3159 4959
856 442 1063 491 muru
1116 441 1457 491 CXXXIV.
1500 442 2150 493 SUPPLEMENTUM.

388 583 640 643 hostium
680 581 829 641 illud
864 584 1131 663 praelium
1172 604 1287 645 non
1320 592 1748 655 consumserat,
1787 585 2002 665 partim
2030 585 2088 643 in
2113 581 2287 663 sylvii

392 680 631 739 incensa
653 692 1123 749 concrematum;
1170 681 1294 752 alii,
1324 690 1687 762 expugnato,
1723 683 1780 741 in
1807 682 1982 762 quod
2007 682 2288 759 confuge-

391 776 815 857 rant,'oppid0,
854 778 1215 837 interierunt.
1302 779 1548 841 Fluvius
1585 781 1766 839 etiam
1795 779 2062 851 Ister,'et
2085 780 2289 861 sparsa
2403 812 2410 821 ·

390 892 495 951 per
521 892 692 951 agros
718 871 881 951 fuga,
910 872 1109 932 multis
1150 874 1397 933 exitium
1434 874 1776 935 attulerunt.
1861 870 2140 936 Maxima
2163 896 2290 935 mo-

389 965 479 1026 les
502 968 561 1026 in
588 967 933 1047 superandis
958 969 1031 1027 iis
1056 968 1191 1039 fuit,
1230 970 1333 1048 qui
1380 972 1604 1031 munito
1626 976 1714 1030 ‘ex
1752 971 1884 1031 loco
1917 992 2021 1052 per
2060 973 2291 1051 aliquot

389 1062 517 1123 dies
542 1065 661 1123 vim
691 1063 1031 1124 Romanam
1056 1064 1417 1145 repulerunt,
1449 1065 1638 1127 donec
1679 1067 1856 1127 Rolis
1879 1069 2134 1128 adventu
2163 1069 2287 1127 Ge'-

392 1174 581 1225 tarum
602 1165 833 1243 reguli,
879 1166 1005 1224 haec
1045 1170 1284 1246 quoque
1328 1164 1529 1226 deleta
1575 1166 1783 1225 manus
1818 1176 1944 1225 tum
1969 1165 2208 1245 quidem
2233 1166 2290 1225 ei

368 1254 754 1321 ‘bello'finem
784 1263 1081 1340 imposuit.
1167 1260 1371 1321 R'olen
1400 1262 1569 1320 illum
1599 1262 1873 1322 Dicomae
1901 1262 2090 1322 filium
2115 1262 2290 1322 fuisse

390 1376 730 1436 quanquam
774 1356 952 1415 'tradi
994 1355 1300 1427 'videam,''
1328 1376 1640 1417 ·assensum
1663 1358 1980 1427 ·sustineo;
2053 1356 2290 1438 quaudo

392 1452 621 1512 nullum
642 1455 773 1531 ejus
791 1454 871 1511 rei
892 1458 910 1485 ¹
944 1473 1135 1532 neque
1161 1454 1557 1513 testimonium
1580 1446 2291 1532 idoneum‚·'neque²argu-

399 1548 943 1608 mentum·affertur.
1028 1548 1136 1607 Ad
1157 1547 1453 1607 Caesarem
1482 1549 1619 1607 inde
1647 1548 1976 1628 profectum
1995 1551 2124 1608 'esse
2148 1550 2294 1609 satis
2315 1560 2436 1610 Dio.

392 1652 645 1714 constat,
675 1644 1043 1722 amicumque
1072 1648 1142 1702 nc
1168 1643 1393 1702 socium
1416 1643 1765 1703 discessisse.

442 1764 445 1769 ·
472 1746 531 1798 6.
566 1737 703 1797 -His
727 1740 809 1798 ita
836 1740 1037 1816 gestis,
1067 1736 1317 1797 Crassus
1346 1737 1654 1817 Mysorum
1682 1740 1978 1816 regionem
2000 1747 2290 1819 repetens,

371 1854 527 1893 ·cum
568 1832 1233 1904 nonnullos'suadendo,
1271 1842 1496 1893 ceteros
1530 1832 1728 1905 minis‘,
1768 1835 2296 1915 pertinacissimum

395 1950 688 2011 quemque
732 1931 909 1989 armis
930 1930 1294 2007 subegisset,
1314 1937 1523 2008 'neque
1558 1936 1776 2007 magna
1818 1951 1954 2009 pars
2000 1929 2298 1990 domanda

394 2035 741 2105 superesset,
768 2026 1039 2105 hyemem
1060 2026 1135 2084 iis
1158 2024 1303 2083 locis
1328 2024 1571 2083 nimiam
1613 2026 1866 2094 veritus‚·
1883 2027 2210 2083 exercitum
2233 2026 2295 2083 ih

398 2124 707 2203 pacatiora
758 2120 1018 2182 reduxit.
1088 2119 1195 2180 Sic
1232 2140 1489 2200 quoque,
1530 2121 1872 2199 priusquam
1917 2120 2295 2180 Macedoniae

397 2216 544 2277 fines
566 2220 897 2295 attingeret,
924 2238 963 2279 a
986 2217 1199 2295 frigore
1227 2216 1514 2287 nonnihil,
1542 2216 1648 2275 sed
1677 2216 1969 2277 atrociora
1989 2236 2026 2275 a
2050 2216 2296 2275 Thraci-

397 2313 527 2382 bu's,
551 2332 889 2392 quanquam
928 2313 1124 2383 sociis,
1152 2331 1482 2391 perpessus,
1510 2312 1876 2391 propositum
1913 2311 2160 2371 ulterius
2193 2312 2301 2370 has

399 2418 603 2487 gentes
634 2407 890 2467 adeundi
916 2407 1208 2487 deposuit.
1296 2408 1399 2466 Ob
1438 2407 1592 2467 hanc
1620 2407 1930 2467 victoriam
1959 2405 2164 2465 Caesar
2189 2408 2298 2464 im·

399 2512 633 2584 perator
675 2502 1011 2584 appellatus
1049 2510 1139 2563 est
1155 2523 1171 2570 ς
1236 2504 1409 2582 eique
1456 2502 1811 2582 supplicatio
1861 2502 2302 2581 triumphusque

396 2600 657 2660 decreti:
704 2598 857 2657 idem
881 2597 1067 2658 honor
1104 2607 1168 2657 et
1197 2597 1413 2657 Crasso
1439 2598 1698 2668 habitus,
1727 2597 1838 2655 nisi
1865 2595 2026 2675 quod
2051 2596 2303 2677 impera·

398 2696 543 2755 toris
562 2714 776 2754 nomen
802 2694 1009 2753 datum
1037 2692 1163 2753 Dio
1196 2702 1395 2770 negat,
1440 2692 1517 2753 ab
1545 2692 1681 2751 aliis
1705 2692 1818 2751 hoc
1855 2710 2092 2771 quoque
2115 2690 2300 2751 tradi—

400 2802 523 2851 tum
542 2790 701 2850 haud
726 2789 1118 2849 dissimulans.
1204 2788 1397 2868 Igitur
1423 2789 1515 2847 his
1553 2789 1749 2868 potius
1773 2786 2299 2859 crediderim,·eum

2434 426 2607 495 5771·

400 2882 639 2947 causam
668 2884 793 2945 Dio
818 2884 1045 2945 nullam
1089 2884 1372 2954 attulerit,
1414 2892 1475 2943 et
1508 2883 1620 2943 sub
1655 2882 1936 2959 Augusto
1964 2903 2036 2941 ae
2061 2882 2302 2943 Tiberio
2355 2902 2474 2950 Tac.
2490 2901 2624 2951 Anu.

400 3003 635 3062 quoque
661 2982 910 3041 nominis
936 2984 988 3057 ej
998 3002 1064 3040 us
1087 2980 1267 3043 decus
1310 2999 1652 3039 concessum
1679 2978 2032 3057 quibusdam
2056 2979 2304 3039 ducibus
2326 2982 2412 3015 ¹¹¹⁶
2431 2970 2514 3016 ⁷⁴·

378 3078 583 3138 ‘fuisse
612 3097 727 3137 non
755 3076 1106 3154 ambigatur.

484 3180 541 3236 ’1.
588 3172 715 3232 Sub
754 3171 910 3231 idem
954 3180 1183 3250 tempus
1223 3171 1447 3239 Caesar,
1484 3172 1610 3230 sive
1649 3170 2048 3251 frequentibus
2090 3172 2308 3230 morbis
2361 3192 2472 3238 sm.
2497 3190 2559 3238 de

406 3272 608 3339 iratus,
644 3268 770 3327 sive
790 3276 813 3301 ⁶
855 3276 919 3325 ut
942 3268 1237 3344 objectam
1282 3267 1359 3325 ab
1400 3264 1674 3325 Antonio
1697 3266 2081 3345 cupiditatem
2115 3264 2303 3324 dorni-
2331 3254 2625 3366 Brgnvitae,

406 3363 585 3423 nandi
612 3364 787 3423 rebus
817 3360 1130 3432 refelleret,
1160 3362 1235 3421 de
1274 3357 1577 3421 reddenda
1605 3360 1912 3440 republica
1937 3380 2072 3420 cum
2099 3361 2308 3420 amicis
2360 3350 2560 3429 'Suetom

840 3548 865 3592 1
904 3545 1017 3593 Vox
1039 3543 1112 3593 rei
1132 3542 1286 3593 abest
1308 3540 1387 3591 ‘ab
1404 3541 1525 3592 edd.
1550 3550 1672 3591 ante
1699 3542 1852 3593 Crev-

1180 3678 1541 3699 θθθθθθθθθ

400 3760 511 3835 ja'm
536 3770 589 3817 in
624 3768 885 3818 servitium
917 3766 1093 3828 rebus,
1132 3767 1319 3832 privati
1350 3764 1357 3773 ’
1388 3764 1684 3817 Suetonius.
1753 3772 1768 3795 ⁴
1790 3765 1914 3823 Bis:
1941 3766 2156 3829 ‘ioquin
2198 3768 2214 3793 ⁸
2239 3765 2306 3813 de

410 3834 630 3884 hominis
694 3832 902 3897 fastigio
954 3833 1109 3881 altior
1158 3832 1320 3883 videri
1386 3830 1664 3889 'reddenda
1708 3829 1969 3892 republica
2015 3830 2305 3891 cogitavit:

413 3904 637 3964 poterat.
676 3900 817 3947 Crbv.
1158 3950 1167 3957 ,
1394 3898 1559 3958 primo
1611 3900 1727 3957 post
1783 3906 2082 3956 oppressum
2130 3894 2304 3941 statim

476 3962 500 3997 δ
534 3962 685 4013 Rolen
736 3962 883 4010 illum·
913 3960 1131 4009 nicoma
1159 3958 1325 4023 filium
1396 3958 1700 4017 Antonium,
1723 3972 1916 4007 memor
1949 3958 2204 4022 objectum
2241 3956 2307 4006 sb

398 4028 561 4085 fuisse
644 4038 875 4087 uunquam
933 4023 1062 4071 tradi
1116 4022 1325 4085 videam]
1397 4037 1461 4071 eo
1483 4021 1579 4071 sibi
1615 4022 1820 4084 sepius,
1843 4024 1987 4086 quasi
2026 4022 2306 4084 peripsum

414 4092 581 4143 Quem
659 4106 719 4137 oc
757 4090 867 4137 loco
910 4086 1118 4136 refellat
1152 4086 1327 4135 Frein-
1400 4094 1565 4136 staret
1589 4099 1653 4135 ne
1678 4084 2018 4135 redderetur:
2053 4098 2115 4133 ac
2140 4100 2314 4133 rursus

418 4155 656 4209 themius,
680 4155 989 4215 ignoramus.
1027 4154 1168 4199 Crev-
1400 4150 1562 4201 taedio
1629 4147 1886 4199 diuturnae
1951 4147 2310 4199 valetudinis.’

454 4226 501 4253 ἰ·
532 4218 644 4269 Sive
663 4216 995 4281 frequentibus
1029 4214 1200 4263 morbis
1232 4214 1330 4263 ira·
1381 4216 1546 4265 ‘Cr-ev.

416 4287 517 4344 ευ,
558 4284 681 4345 sive]
748 4282 1041 4343 Distinguit
1098 4290 1335 4342 tempora

2329 3446 2459 3507 Aug.
2477 3449 2560 3494 28.

2331 3511 2447 3567 Dio,
2473 3522 2564 3557 ιη.
