3159 4959
1196 445 1688 497 FRAcmssn'ra.
2403 425 2578 491 5909

389 592 748 667 Exactnm,
779 594 895 653 aut
924 594 1085 670 poto
1114 606 1417 670 raporum
1448 587 1698 650 semine
1733 586 2040 669 pulsum;

391 694 633 757 Infecti
664 692 891 754 dicens
922 690 1034 753 vix
1072 695 1330 770 septem
1364 708 1567 771 posse
1603 688 1839 752 diebus

386 794 617 858 Vitam
646 794 955 877 produci.
1040 792 1265 857 Tanta
1294 798 1401 855 est
1432 790 1744 854 violentia
1773 790 2013 853 morbi.

471 894 554 961 Q.
586 894 789 955 Seren.
817 892 1058 953 Samon.
1086 890 1161 951 de
1191 889 1419 950 Medic.
1446 910 1500 949 c.
1530 896 1628 949 39.
1657 910 1715 949 v.
1743 894 1882 952 725.
1909 908 1998 967 sq.

1270 1079 1479 1129 LIBRI
1526 1080 1718 1127 oxu.

473 1128 709 1251 eastra
739 1204 1014 1270 quoque
1043 1183 1333 1248 diversis
1362 1181 1670 1265 partibus
1697 1181 1979 1246 Cassius
2001 1188 2071 1245 et
2096 1182 2331 1264 Bogud
2355 1182 2574 1248 adorti

384 1286 560 1351 haud
596 1286 872 1350 multum
904 1284 1197 1361 abfuere,
1226 1285 1390 1365 quin
1420 1302 1630 1366 opera
1659 1292 2179 1365 perrumperent.

474 1386 631 1465 Quo
662 1396 961 1468 tempore
988 1383 1293 1449 firmandi
1322 1386 1503 1467 regni
1532 1384 1838 1467 Bogudis
1867 1403 2074 1447 causa
2104 1388 2475 1450 exercitum
2503 1386 2574 1449 111

389 1486 685 1553 Africam
720 1488 1038 1552 velociter
1068 1486 1375 1569 trajicere
1402 1492 1683 1551 conatus
1713 1485 1820 1549 sit.

476 1590 755 1654 Cassius
785 1590 1109 1672 gessisset
1138 1608 1290 1653 cum
1322 1588 1658 1653 Trebonio
1691 1588 1959 1666 bellum,
1981 1588 2036 1651 si
2071 1586 2418 1669 Bogudem
2443 1594 2572 1654 tra·

385 1692 540 1755 here
568 1693 635 1754 in
668 1694 1049 1756 societatem
1083 1690 1321 1755 furoris
1352 1691 1702 1773 potuissetL

464 1790 759 1851 Priscian.
790 1789 1060 1850 Gramm.
1090 1790 1192 1850 lib.
1222 1801 1317 1849 vl.
1348 1810 1406 1869 p.
1434 1796 1575 1849 686.
1604 1797 1666 1847 et
1685 1796 1828 1851 687.

1238 1980 1443 2027 Lunu
1492 1978 1716 2026 cxlu

473 2082 607 2148 Et
588 2102 735 2165 lpse
762 2081 943 2146 circa
972 2080 1239 2164 Pulpud
1274 2100 1455 2144 oram
1490 2080 1816 2145 tuebatur.

468 2182 765 2243 Priscian.
792 2181 835 2243 1.
864 2181 907 2240 l.
934 2182 1037 2261 qui
1064 2182 1243 2269 etiam
1280 2180 1385 2241 1111.
1420 2198 1485 2241 v.
1514 2200 1573 2259 p.
1603 2186 1746 2239 643.
1772 2178 1970 2251 docet,
2023 2180 2302 2241 ‘Livium
2331 2182 2573 2262 Bogud,

398 2278 668 2357 Bogudis
693 2278 1061 2337 declinasse'
1045 2298 1103 2337 m
1134 2278 1363 2337 exul?
1404 2277 1525 2337 11181
1544 2276 1662 2355 leg.
1695 2277 1900 2339 CXII.

1216 2466 1421 2515 mutu
1475 2466 1756 2513 cxvlu.

474 2563 819 2629 Adversus
850 2567 1305 2633 interfectores
1332 2568 1409 2633 0.
1437 2568 1733 2634 Caesaris
1757 2566 2082 2631 ultoribus
2102 2584 2366 2629 manum
2391 2584 2572 2631 com-

382 2694 631 2755 parans
664 2678 1005 2742 concibat.

466 2773 756 2835 Priscian.
786 2776 1431 2857 Gramm.1x.p..86·5.
1466 2778 1569 2837 11111
1609 2777 1818 2837 male
1801 2798 1862 2837 111
1891 2778 2040 2837 Mss.
2071 2776 2286 2855 legitur
2309 2796 2378 2836 ea·
2407 2776 2574 2837 Livii

383 2868 535 2928 libro
566 2871 794 2933 XIIX.
822 2881 885 2932 et
911 2872 1163 2935 XVIII.
1206 2883 1266 2932 et
1287 2874 1583 2934 XCVIII.
1665 2872 1764 2935 Cf.
1799 2873 2008 2933 Barth.
2053 2872 2323 2932 Gramm.
2372 2888 2435 2933 v.
2471 2878 2570 2933 35.

382 2962 539 3023 etad
568 2964 721 3025 Stat.
748 2964 939 3026 Theb.
971 2984 1063 3027 ιν.
1092 2976 1230 3028 146.
1306 3047 1312 3051 -

1118 3117 1123 3124 ’
1199 3142 1409 3190 mum
1460 3142 1771 3191 cxxvn.

468 3235 811 3318 Quoniam
859 3242 1025 3306 inter
1064 3241 1441 3325 Augustum
1488 3250 1559 3307 et
1600 3243 1959 3308 Antonium
2007 3242 2301 3325 reliquiae
2335 3240 2570 3317 ¹adhuc

382 3348 573 3406 erant
619 3344 1083 3422 dissensionis,
1128 3344 1461 3410 Cocceius
1506 3344 1760 3421 Nerva,
1803 3364 2088 3428 proavus
2132 3343 2406 3419 Nervae,
2451 3342 2570 3425 qui

382 3450 623 3523 postea
671 3446 1033 3530 imperavit
1080 3446 1343 3524 Romae,
1386 3446 1734 3511 mandavit
1778 3445 2112 3529 Augusto,
2155 3453 2228 3510 ut
2274 3446 2572 3510 mitteret

382 3542 837 3625 Tarracinam,
869 3550 985 3632 qui
1016 3550 1099 3613 de
1128 3568 1389 3613 summa
1417 3566 1631 3612 rerum
1662 3554 2038 3613 tractarent.
2113 3548 2287 3631 Ergo
2318 3548 2568 3610 missus

381 3652 483 3707 est
514 3645 861 3713 Maecenas
894 3670 1045 3715 cum
1078 3650 1403 3735 Agrippa,
1434 3653 1546 3735 qui
1578 3657 1932 3734 utrumque
1965 3653 2340 3714 exercitum
2366 3649 2569 3732 juxta

382 3746 812 3812 Brundisium
849 3753 919 3814 in
948 3772 1081 3815 una
1110 3760 1329 3816 castra
1360 3772 1513 3816 cum
1546 3772 1786 3833 magna
1817 3754 2053 3816 laetitia
2083 3752 2465 3833 coegerunt,
2497 3755 2568 3814 ut

380 3850 474 3912 ait
503 3848 735 3911 Livius
763 3849 932 3914 libro
964 3864 1266 3925 cxxvn.
1338 3850 1850 3934 Intelligendum
1881 3862 2130 3930 autem,
2161 3853 2365 3935 quod,
2395 3850 2566 3916 Fon-

380 3954 515 4015 teio
545 3952 755 4014 misso
786 3952 871 4014 ab
902 3952 1217 4025 Antonio,
1244 3954 1596 4033 Augustus
1627 3952 2068 4019 Maecenatem
2100 3962 2169 4018 et
2191 3962 2452 4018 ceteros
2477 3954 2564 4017 ad

352 4052 655 4118 ·eundem
687 4052 909 4117 locum
942 4054 1255 4118 emiserit.

458 4154 651 4224 Acro,
681 4154 1047 4235 Porphyrio,
1074 4158 1135 4213 et
1160 4164 1581 4214 commentator
1609 4164 1774 4217 vetus
1795 4156 2046 4236 Cruquii
2071 4156 2148 4216 ad
2179 4154 2401 4220 Horat.
2431 4156 2560 4219 Sat.

380 4266 425 4308 1.
454 4256 512 4308 5.
540 4258 638 4310 29.
668 4251 860 4311 verbis
886 4251 1127 4331 paulum
1146 4252 1545 4318 ‚variantibus
