3159 4959
872 446 1073 496 mam
1124 444 1461 493 cxxxvi.
1504 442 2156 495 surrnsussn'ruu.
2435 424 2625 491 ν5871

408 590 535 668 gati
556 588 637 651 ad
668 586 1103 667 deprecandum
1138 587 1318 659 missi,
1352 606 1489 646 cum
1530 585 1806 646 Amisum
1841 584 2157 653 venissent,
2191 602 2302 643 nec

412 694 681 763 agentem
710 684 793 744 ibi
836 684 1171 762 Agrippam
1210 681 1493 743 auderent
1533 680 1928 761 compellar03
1972 677 2302 739 Nicolaum

413 781 849 841 Damascenum
882 788 1144 848 orarunt,
1172 788 1241 837 ut
1278 780 1393 837 sibi
1431 778 1588 854 regis
1613 776 1900 847 Herodis,
1925 776 2022 835 cui
2049 784 2179 835 erat
2201 776 2304 835 ille

407 876 913 945 familiarissimus,
960 875 1353 955 patrocinium
1397 881 1784 952 compararet.
1867 872 2142 951 Suscepit
2173 891 2305 942 rex,

405 980 489 1041 et,
534 972 713 1051 culpa
764 971 842 1031 ab
892 969 1213 1029 Iliensibus
1256 970 1473 1045 ignaris
1512 968 1598 1026 rei
1643 966 1933 1027 translata
1973 968 2032 1025 in
2079 954 2302 1037 casum,

410 1064 741 1147 Agrippam
784 1066 1009 1144 alioqui
1060 1065 1389 1143 proniorem
1444 1062 1523 1123 ad
1581 1062 1954 1123 clementiam
2005 1061 2300 1140 placavit:

402 1181 537 1223 cum
560 1162 675 1234 illi,
698 1165 831 1241 jam
856 1161 1171 1241 desperato
1198 1162 1456 1237 negotio,
1478 1160 1537 1217 in
1568 1160 1820 1237 patriam
1845 1158 2300 1235 renavigassent.
2324 1162 2525 1239 Jqsepn.

405 1256 682 1338 Agrippa
726 1265 1037 1337 postquam
1082 1257 1393 1335 praesentia
1428 1258 1573 1316 satis
1617 1255 1946 1333 composita
1987 1262 2148 1311 ratus
2191 1261 2301 1323 est,
2324 1225 2526 1354 §333¹-

408 1372 513 1432 per
538 1352 1021 1431 Paphlagoniam
1046 1360 1107 1411 et
1136 1350 1583 1432 Cappadociam
1627 1350 2088 1429 Phrygiamque.
2113 1351 2301 1427 majo-

408 1468 531 1507 rem
584 1448 885 1528 Ephesum
942 1447 1137 1507 rediit.
1221 1446 1373 1508 Inde
1432 1449 1672 1527 trajecit
1725 1445 1992 1516 Samum,
2047 1442 2300 1505 Herode

406 1564 637 1623 semper
660 1563 795 1603 eum
820 1544 1163 1603 comitante.

486 1645 587 1699 64.
632 1637 797 1697 Haec
822 1658 915 1697 res
936 1638 1199 1697 animum
1232 1636 1459 1697 Judaeis
1498 1638 1752 1708 addidit,
1789 1638 1892 1715 qui
1920 1639 2024 1715 jus
2045 1636 2303 1697 civitatis
2353 1651 2556 1716 Joseph.

402 1734 463 1793 in
509 1732 747 1811 Ionicis]
768 1734 1032 1805 urbibus,
1072 1732 1362 1793 beneficio
1402 1734 1555 1812 regis
1596 1732 1905 1806 Antiochi,
1945 1732 2042 1791 cui
2079 1752 2300 1810 cogno-
2323 1716 2624 1832 ῗζῗέιῖῗ·

401 1837 663 1901 mentum
711 1827 881 1889 Deus
908 1828 1047 1898 fuit,
1080 1827 1306 1909 adepti,
1329 1829 1481 1887 trahi
1510 1850 1575 1889 se
1605 1827 1684 1889 ad
1699 1827 1934 1906 judicia
1956 1825 2122 1887 festis
2157 1827 2300 1898 suis,

400 1934 464 1985 et
506 1943 687 2004 quam
726 1924 955 1983 mittere
998 1922 1485 2001 Hierosolymam
1541 1924 1800 1983 solerent
1837 1921 2146 2001 pecuniam
2189 1921 2301 1979 sibi

403 2019 589 2082 adimi
616 2019 1033 2097 querebantur,
1059 2037 1397 2096 quanquam
1427 2025 1493 2076 et
1528 2017 1794 2077 Romani
1831 2016 1952 2075 suis
1987 2034 2048 2073 se
2074 2015 2303 2093 legibus

402 2114 614 2193 degere
648 2113 978 2191 jussissent.
1060 2110 1299 2171 Horum
1334 2132 1571 2173 causam
1606 2119 1816 2190 agente
1853 2108 2144 2181 Nicolao,
2164 2129 2302 2169 cum

401 2219 465 2271 et
491 2208 771 2271 Herodes
794 2208 1085 2288 Agrippae
1110 2207 1428 2279 assideret;
1476 2227 1712 2287 aequum
1738 2206 2108 2267 censentibus
2132 2204 2298 2267 Ioni·-

402 2307 535 2375 bus,
562 2305 783 2365 civium
807 2304 941 2365 loco
964 2324 1081 2363 non
1100 2324 1227 2365 esse
1262 2303 1421 2384 apud
1450 2324 1538 2375 se,
1570 2304 1674 2383 qui
1709 2302 1916 2363 alienis
1949 2302 2132 2362 sacris
2167 2308 2296 2360 ute-

402 2408 639 2469 rentur3
684 2400 960 2480 Agrippa
986 2394 1135 2459 nihil
1176 2399 1523 2459 mutandum
1554 2400 1804 2470 censuit,
1842 2398 2190 2477 scripsitque
2217 2392 2294 2455 ad
2349 2398 2382 2449 J
2385 2402 2552 2475 οςορὶι.

404 2495 695 2579 Ephesios
732 2495 1025 2574 aliosque,
1054 2496 1277 2573 jubens
1320 2495 1551 2573 injuriis
1601 2493 1642 2552 J
1647 2494 1948 2553 udaeorum
1994 2491 2295 2552 abstineri.
2319 2462 2616 2578 ’,Αᾶιιφιη

404 2589 529 2654 Sed
570 2600 635 2651 et
668 2590 1095 2673 Cyrenensium
1138 2591 1577 2669 magistratibus
1613 2589 1880 2669 injunxit
1915 2586 2145 2659 eadem,
2181 2585 2292 2645 Ju-

397 2684 542 2747 deis
578 2685 741 2747 illius
764 2687 947 2749 etiam
976 2686 1291 2767 provinciae
1323 2686 1491 2766 paria
1531 2686 1770 2765 questis.
1855 2682 2026 2745 Hinc
2063 2682 2292 2762 Bospo-
2319 2702 2438 2751 Dio.

398 2784 525 2843 rani
548 2782 695 2843 belli
720 2782 797 2845 ad
822 2781 1163 2865 Augustum
1198 2783 1521 2863 perscripto
1546 2783 1738 2852 exitu,
1764 2800 1900 2841 uam
1923 2779 2004 2839 ad
2027 2787 2292 2839 senatum
2347 2799 2464 2850 Tae.
2489 2814 2568 2848 η,

395 2880 675 2950 scribere,
724 2880 879 2939 sieut
926 2880 1131 2957 priscis
1179 2879 1628 2957 imperatoribus
1671 2876 1932 2948 solitum,
1987 2873 2290 2935 modestia!
2317 2864 2450 2975 gfff·
2472 2868 2524 2914 ⁴·

398 2992 581 3033 cansa
602 2973 1026 3051 supersederat,
1054 2981 1191 3031 aeta
1214 2982 1345 3031 rata
1367 2973 1577 3031 habuit
1603 2972 1952 3048 Augustum
1994 2968 2290 3049 supplica·
2421 2960 2436 2977 ⁶

402 3069 705 3149 tionesque
728 3075 791 3126 et
816 3066 1173 3145 triumphum
1204 3068 1261 3125 ei
1284 3064 1714 3125 decernendum
1739 3066 1990 3126 curavit.
2279 3114 2288 3124 .

478 3170 581 3225 65.
623 3162 763 3223 Jam
786 3170 849 3221 et
888 3160 1111 3221 Gallioe
1154 3160 1586 3241 Hispaniaeque
1621 3181 1713 3221 res
1751 3160 2010 3221 reductae
2043 3160 2104 3219 in
2131 3172 2283 3225 tran-2

400 3260 735 3340 quilliorem
756 3266 977 3319 statum
1000 3265 1201 3317 erant:
1244 3256 1529 3317 Germani
1547 3256 1744 3316 adhuc
1767 3254 2288 3315 tumultuabantur.

400 3356 595 3433 Igitur
620 3354 699 3415 ad
724 3354 831 3413 hos
848 3352 1225 3423 coercendos,
1246 3352 1657 3431 agendumque
1675 3370 1912 3411 censum
1931 3348 2290 3421 Galliarum,
2315 3381 2420 3433 Liv.
2439 3382 2570 3448 Epit.

404 3450 603 3521 Druso
648 3450 877 3521 relicto,
918 3450 1125 3511 Caesar
1172 3448 1433 3511 Romam
1478 3448 1676 3519 rediit,
1699 3466 1832 3507 cum
1864 3448 1996 3524 jam
2022 3444 2290 3507 Tiberius
2315 3446 2430 3498 Dio.

405 3546 701 3607 Claudius
718 3546 812 3605 Ti.
844 3545 913 3605 F.
946 3544 1143 3617 Nero,
1170 3545 1255 3606 P.
1283 3545 1614 3611 Quintilius
1639 3542 1782 3603 Sex.
1811 3542 1884 3601 F.
1912 3541 2112 3602 Varus
2143 3561 2286 3602 con-

402 3642 659 3701 sulatum
682 3642 978 3701 inissent?
1030 3640 1211 3700 Forte
1246 3640 1455 3701 iisdem
1490 3639 1700 3699 diebus
1734 3638 1972 3697 nuntius
1996 3637 2072 3697 de
2097 3636 2287 3697 reditu
2345 3656 2545 3707 Sueten.

404 3736 661 3798 Coesaris
686 3735 1023 3807 advenerat,
1050 3737 1266 3815 quibus
1296 3737 1515 3797 theatri
1545 3736 1638 3815 sui
1675 3734 2110 3795 dedicationem
2137 3731 2288 3791 Cor·
2313 3718 2426 3831 ⁴21¹}ss
2431 3755 2443 3768 ·
2465 3725 2546 3832 ᾔ)-

400 3832 593 3893 nelius
620 3830 851 3891 Balbus
873 3831 1183 3891 sumtuosis
1196 3828 1553 3910 spectaculis
1566 3828 1943 3889 celebrabat:
1985 3828 2076 3887 vir
2095 3826 2288 3887 maxi-
2317 3800 2504 3899 11:2¹2.
2526 3800 2610 3835 m·

400 3930 515 3991 mis
538 3928 751 4008 opibus
774 3925 1088 4005 magnifice
1114 3946 1273 3997 usus,
1298 3927 1403 4005 qui
1438 3926 1581 3985 etin
1612 3924 1798 3985 natali
1823 3923 1947 3983 solo
1975 3922 2290 3982 Gaditanis
2313 3908 2427 4023 Dg‘t‘·
2450 3974 2512 4022 bo

400 4042 615 4084 novam
640 4024 864 4094 urbem,
890 4040 1026 4083 cum
1052 4019 1253 4081 navali
1280 4020 1339 4079 in
1364 4021 1638 4101 opposita
1655 4020 2012 4090 continente,
2036 4019 2155 4077 suis
2179 4019 2287 4077 im·
2313 3990 2473 4102 1113».
2493 4012 2605 4092 ι’σο.

402 4120 597 4201 pensis
638 4118 976 4181 aedificavit.
1062 4117 1129 4177 Is
1166 4117 1341 4195 igitur
1383 4116 1724 4195 Augustum
1765 4116 1976 4190 redire,
2003 4123 2284 4194 tanquam
2313 4132 2433 4188 Dio,

954 4331 986 4363 ⁶
1016 4330 1084 4385 A.
1107 4326 1174 4385 U.
1196 4331 1259 4385 c·
1278 4336 1391 4386 ⁷³9.
1453 4331 1522 4386 A.
1548 4330 1609 4386 c,
1628 4334 1706 4383 ιε.
