3159 4959
629 2276 746 2325 Dio.
805 2277 890 2326 Jo-

597 2342 731 2403 seph.

595 2404 754 2454 Levit.
777 2422 894 2453 xxi.

600 2474 677 2517 17.
701 2478 867 2531 etseq.

595 2534 794 2597 Jossph.

596 3120 714 3169 Dio.

627 3316 812 3371 Strabo,

597 3394 630 3425 x
639 3396 654 3427 1
663 3395 708 3425 v.
721 3395 769 3443 p.
779 3384 892 3429 660.

597 3455 648 3490 et
667 3443 782 3493 Dio·

631 3884 743 3932 Val.
759 3883 892 3930 Max.

597 3963 672 3995 rx.
697 3952 775 3996 14.
797 3955 892 3995 ext.

597 4018 784 4122 2-S'mb·
813 4081 864 4122 et

597 4138 717 4188 Dio.

1555 476 1629 527 ¹1⁸.
1680 475 1869 525 mvn

919 620 1170 683 nuendae
1197 622 1546 701 suspicionis
1571 640 1772 679 causa.
1856 618 1951 677 Ut
1976 618 2034 676 in
2075 615 2393 676 Galilaeam
2418 626 2681 687 ventum,
2708 634 2821 696 po-

921 719 1160 799 pulares
1188 718 1248 775 in
1284 716 1617 776 defectione
1658 726 1719 774 et
1748 715 1923 773 armis
1958 732 2083 771 esse
2118 712 2410 771 viderunt.
2495 712 2558 770 A
2588 712 2821 771 Barza-

917 816 1139 894 pharne
1167 815 1338 873 initio
1363 814 1593 892 accepti
1618 810 1937 889 donatique
1974 808 2318 877 liberaliter,
2346 828 2485 867 mox
2512 817 2823 868 senserunt

919 912 1202 978 insidias;
1249 919 1335 978 et,
1383 927 1723 987 quanquam
1778 908 2040 965 abiturus
2092 904 2167 965 ad
2226 905 2525 964 Pacorum
2574 914 2821 987 satrapa

915 1006 1068 1066 falso
1115 1015 1449 1086 suspectum
1495 1024 1556 1062 se
1594 1005 1923 1081 juraverat,
1959 1002 2159 1061 statim
2190 999 2451 1078 digresso
2484 999 2593 1059 illo
2631 1002 2819 1061 vincti

915 1111 1070 1161 sunt.
1153 1099 1456 1171 Herodes,
1478 1118 1615 1159 cnm
1642 1107 1703 1157 et
1728 1097 1831 1157 ille
1858 1106 2215 1177 captaretur,
2242 1115 2379 1155 cum
2404 1098 2581 1175 regiis
2606 1096 2815 1155 mulie-

915 1198 1076 1257 ribus
1099 1196 1308 1274 effugit
1331 1196 1390 1254 in
1417 1194 1725 1253 castellum
1751 1192 2055 1261 Massada,
2082 1192 2187 1251 ubi
2206 1191 2577 1271 postmodum
2592 1192 2816 1268 regiam

915 1292 1202 1361 condidit,
1229 1290 1631 1370 oppidumque
1670 1290 2005 1349 Her-odium
2032 1308 2050 1356 ς
2096 1297 2299 1367 atque,
2322 1287 2549 1347 relictis
2574 1289 2659 1346 ibi
2684 1308 2817 1347 mu-

915 1388 1156 1447 lieribus
1179 1397 1241 1446 et
1271 1384 1558 1466 prasidio,
1589 1385 1839 1445 Petram
1868 1384 2112 1443 Arabiae
2136 1383 2432 1463 profectus
2458 1392 2567 1443 est.

999 1490 1100 1542 14.
1147 1482 1391 1541 Interim
1423 1480 1865 1559 Hierosolymis
1894 1480 2109 1539 Parthi
2138 1480 2417 1559 pecunias
2440 1476 2818 1558 profugorum

915 1578 1432 1659 depraedabantur,
1455 1576 1735 1655 Hyrcani
1762 1585 1955 1634 tamen
1986 1575 2261 1633 thesauro
2288 1583 2619 1654 parcentes:
2646 1586 2819 1635 erant

918 1684 1115 1733 autem
1159 1672 1314 1731 haud
1359 1672 1615 1753 amplius
1658 1681 1924 1731 trecenta
1966 1670 2235 1731 talentu
2316 1668 2439 1729 Sed
2481 1672 2671 1730 minor
2710 1692 2817 1751 spe

918 1769 1121 1850 praeda
1145 1769 1278 1838 fuit,
1307 1770 1448 1847 quia
1471 1768 1695 1827 diffisus
1720 1768 2025 1828 Parthicas
2050 1765 2189 1825 fidei
2218 1766 2497 1826 Herodes
2519 1769 2815 1846 ceterique

917 1865 1328 1944 pretiosissima
1378 1884 1570 1923 rerum
1616 1863 1841 1923 dudum
1898 1862 1957 1921 in
2017 1862 2345 1922 Idumaeam
2395 1864 2813 1941 praemiserant.

921 1960 1114 2037 Igitur
1140 1980 1212 2019 ne
1241 1982 1382 2037 agro
1404 1960 1645 2039 quidem
1672 1961 2029 2018 abstinentes
2054 1958 2293 2029 Parthi,
2314 1959 2501 2017 multa
2524 1958 2817 2019 maleficia

917 2054 1264 2123 intulerunt,
1311 2065 1373 2115 et
1418 2056 1755 2127 Marissam,
1799 2054 2145 2135 populosum
2192 2054 2498 2134 oppidum,
2540 2054 2821 2115 devasta-

917 2160 1056 2211 runt
1095 2152 1343 2231 penitus.
1430 2151 1739 2230 Antigono
1780 2148 1995 2209 deinde
2036 2151 2159 2228 regi
2198 2148 2503 2209 declarato
2546 2150 2817 2211 Pbasaii-

917 2247 1041 2306 lum
1069 2258 1132 2307 et
1159 2246 1512 2327 Hyrcanum
1542 2250 1769 2307 vinctos
1794 2245 2181 2307 tradiderunt.
2262 2246 2473 2325 Atque
2498 2245 2622 2315 ille,
2648 2256 2818 2306 tanta

917 2353 1006 2401 est
1033 2344 1374 2403 ambitionis
1399 2344 1633 2403 rabies!
1676 2362 1849 2403 aures
1890 2340 2167 2421 Hyrcani
2202 2340 2495 2400 mordicus
2534 2342 2817 2410 abstulit:

917 2458 990 2497 ne
1019 2439 1224 2497 iterum
1253 2423 1605 2507 sacerdotio,
1634 2438 1795 2517 quod
1824 2438 2064 2515 integris
2098 2435 2503 2495 tantummodo
2542 2435 2643 2495 lex
2682 2458 2817 2515 per·-

917 2532 1212 2600 mittebat,
1259 2532 1423 2608 fungi
1469 2542 1684 2610 posset.
1770 2532 2126 2602 Phasaelus,
2170 2552 2243 2590 ne
2292 2532 2533 2591 arbitrio
2590 2532 2819 2592 inimici

917 2634 1256 2696 moreretur,
1282 2644 1432 2685 saxo
1471 2625 1640 2685 illisit
1664 2634 1860 2704 caput.
1947 2625 2273 2705 Hyrcanas
2308 2627 2365 2686 in
2409 2627 2669 2686 Parthos
2708 2628 2817 2686 ab-

917 2721 1130 2780 ductus
1167 2729 1280 2780 est.
1365 2720 1458 2780 At
1501 2720 1803 2791 Herodes,
1847 2720 2118 2781 Arabum
2162 2733 2226 2781 et
2266 2722 2498 2783 Malchi
2544 2732 2819 2803 suspecta

919 2814 1059 2885 fide,
1087 2816 1147 2875 in
1181 2816 1508 2898 AEgyptum
1550 2819 1920 2897 properavit:
1964 2817 2101 2877 inde
2142 2838 2245 2899 per
2284 2818 2713 2899 Pamphyliam
2752 2830 2821 2879 et

921 2910 1228 2982 Rhodum,
1259 2914 1316 2970 in
1347 2912 1587 2973 Italiam
1622 2916 1949 2992 navigavit,
1984 2924 2053 2974 ut
2081 2935 2270 2973 rerum
2309 2936 2543 2973 suarum
2572 2926 2817 2989 statum}

920 3006 1402 3087 Parthorumque
1428 3028 1761 3089 progressus
1788 3010 2061 3069 Antonio
2086 3020 2423 3091 exponeret.

999 3110 1101 3163 15.
1145 3103 1382 3163 Interea
1431 3105 1727 3164 Labienus
1770 3105 2047 3165 Ciliciam
2090 3115 2153 3166 et
2188 3106 2360 3167 Asiae
2392 3109 2815 3179 continentem,

921 3200 1063 3277 quia
1103 3198 1374 3261 Plancus
1416 3220 1478 3259 se
1523 3202 1863 3260 continebat
1904 3201 2133 3271 insulis,
2184 3203 2540 3281 subjugabat
2590 3205 2819 3284 impetu

918 3294 1190 3364 fortunae,
1229 3305 1292 3354 et
1330 3305 1545 3356 terrore
1592 3296 1865 3356 Parthici
1908 3298 2176 3356 nominis.
2260 3296 2551 3359 Romanae
2574 3319 2817 3379 quoque

917 3390 1188 3448 cohortes
1223 3390 1300 3448 ad
1343 3410 1477 3448 eum
1519 3390 1851 3471 frequenter
1891 3394 2237 3453 transibant.
2322 3394 2561 3459 Quibus
2608 3405 2820 3454 auctus

921 3483 1166 3563 Mylasa
1189 3493 1250 3543 et
1277 3484 1623 3554 Alabanda,
1670 3485 1889 3545 Carum
1932 3490 2127 3558 urbes,
2160 3510 2293 3548 cum
2332 3490 2667 3570 praesidium
2710 3510 2817 3549 ac-

917 3590 1154 3659 ceptum
1204 3591 1528 3652 necassent,
1575 3586 1943 3661 expugnavit
1992 3586 2206 3644 armis:
2250 3594 2310 3644 et
2356 3585 2817 3647 Alabandenses

921 3674 1120 3733 affecit
1143 3674 1452 3755 supplici0.
1541 3677 1804 3756 Mylasa,
1834 3700 2077 3757 quorum
2110 3679 2318 3739 incolae
2352 3680 2635 3741 Rhodum
2678 3702 2815 3761 pro-

919 3768 1211 3847 fugerant,
1256 3770 1456 3841 diruit,
1498 3771 1755 3831 infensus
1798 3774 2115 3835 admodum
2174 3786 2411 3855 propter
2469 3777 2815 3856 Hybream,

920 3865 1021 3944 qui
1047 3866 1400 3926 clarissimus
1433 3868 1736 3939 facundia,
1774 3890 1907 3929 cum
1944 3872 2104 3931 cives
2136 3892 2271 3931 suos
2304 3884 2511 3932 contra
2552 3873 2813 3933 Parthos

918 3964 1259 4031 concitaret,
1303 3964 1705 4043 imperatorem
1752 3986 1815 4024 se
1866 3966 2166 4037 Caricam,
2210 3968 2515 4028 deridendi
2565 3969 2812 4029 Labieni

920 4141 1056 4175 orum
1091 4128 1305 4191 numero]
1373 4128 1577 4178 Etenim
1624 4129 1831 4191 Parthi,
1902 4132 2141 4181 vitiorum
2160 4132 2384 4185 habent!
2421 4134 2559 4183 Cret.

923 4198 1058 4239 teste
1074 4190 1302 4255 Justino,
1329 4194 1360 4241 1.
1381 4207 1489 4242 xm.
1509 4208 1553 4242 c.
1577 4198 1628 4245 2.
1650 4196 1663 4221 ‘
1681 4209 1830 4243 exer·
1965 4204 1986 4229 ⁸
2032 4196 2262 4246 stet-enta
2326 4196 2531 4261 talentu]
2610 4194 2809 4249 Marc'a

922 4254 1079 4303 citum
1103 4266 1223 4315 non,
1260 4264 1318 4303 ut
1339 4258 1455 4305 aliae
1477 4266 1680 4319 gentes,
1704 4260 1831 4307 libe·
1903 4268 2163 4311 nostrates
2186 4262 2386 4325 argenti
2403 4266 2584 4313 28126.
2620 4263 2761 4313 Creo.

920 4330 1110 4382 rorum,
1125 4320 1212 4369 sed
1237 4320 1480 4382 majorem
1505 4331 1705 4384 partem
1724 4334 1831 4371 ser-
