3159 4959
849 458 1052 507 mam
1105 457 1445 507 cxxxvi.
1490 458 1832 509 sunnam
1850 460 2139 510 aurun.
2423 444 2596 509 5851

376 598 535 659 Urbi
568 598 907 659 Latinarum
944 618 1147 669 causa,
1182 620 1320 659 cum
1355 620 1429 659 ea
1468 620 1704 680 quoque
1737 600 1814 661 de
1851 622 1912 661 re
1947 601 2274 660 certamina

374 704 584 755 exorta
626 715 743 754 non
794 695 1181 773 quiescerent,
1228 696 1417 755 creari
1463 697 1696 755 vetuit:
1749 696 2038 776 AEgyptia
2081 714 2270 767 sacra,

376 791 583 849 iterum
628 792 687 849 in
736 790 965 851 Urbem
1008 791 1448 851 dissimulanter
1496 790 1854 861 introducta,-
1895 791 2056 853 ultra
2099 794 2271 871 quin-

374 894 581 962 gentos
620 904 825 965 passus
862 887 1199 945 summovit.

455 986 553 1039 20.
596 978 801 1039 Caesar
832 981 1087 1049 interim,
1123 980 1457 1041 constitutis
1493 978 1716 1039 Siciliae
1759 981 1953 1050 rebus,
1987 992 2050 1041 et
2090 979 2274 1062 Syra-

373 1075 527 1134 cusis
561 1074 809 1155 aliisque
845 1074 1190 1134 civitatibus
1222 1074 1471 1133 coloniae
1498 1072 1796 1134 Romanae
1811 1077 1952 1152 jure
1977 1096 2273 1146 concesso,

374 1171 433 1229 in
462 1169 759 1229 Graeciam
785 1172 1090 1247 trajectus,
1120 1168 1611 1240 Lacedaemoniis,
1639 1169 1802 1248 quod
1829 1170 2062 1229 Liviam
2086 1190 2274 1239 suam.

372 1286 495 1344 quo
534 1274 797 1345 tempore
840 1285 977 1325 cum
1014 1267 1141 1324 viro
1174 1284 1255 1325 ex
1294 1263 1479 1324 Italia
1516 1264 1874 1344 profugerat,
1905 1266 2278 1345 hospitaliter
2332 1294 2541 1344 Paussn.

373 1362 735 1431 habuissent,
770 1360 847 1420 de
886 1370 1141 1440 quatuor
1180 1369 1244 1421 et
1285 1360 1493 1437 viginti
1536 1360 2134 1421 Eleutherolacouum
2171 1382 2276 1441 op-
2303 1374 2387 1408 ¹¹¹·
2409 1362 2492 1408 21.

375 1455 563 1536 pidis¹
601 1456 869 1535 Cythera
906 1476 1043 1515 cum
1080 1457 1215 1517 aliis
1254 1457 1515 1535 quinque
1550 1456 1753 1525 dedit:
1801 1457 2095 1537 principes
2131 1460 2276 1519 civi-

377 1552 519 1611 tatis
550 1570 734 1611 coenoe
767 1571 887 1612 suoe
916 1552 1207 1612 adhibuit.
1292 1551 1764 1613 Atheniensibus
1789 1565 2015 1623 contra,
2043 1563 2283 1635 propter
2305 1580 2420 1631 Dio.

379 1647 635 1707 Antonii
680 1648 964 1718 favorem,-
1010 1648 1289 1726 IEginam
1336 1668 1407 1709 ac
1452 1648 1748 1709 Eretriam
1787 1648 2046 1709 ademit:
2103 1651 2280 1709 inter-

376 1743 541 1804 dicto
564 1745 767 1813 etiam,
788 1764 863 1803 ne
877 1747 985 1823 jus
1008 1744 1267 1805 civitatis
1288 1764 1411 1803 suae
1430 1746 1712 1825 cuiquam
1730 1745 2068 1806 venderent.
2125 1746 2280 1807 Eam

376 1840 493 1899 sibi
529 1838 931 1899 calamitatem
964 1838 1143 1899 fuisse
1168 1838 1563 1917 significatam
1589 1840 1858 1919 prodigio
1883 1841 2282 1900 Athenienses

380 1943 684 2015 putavere,
726 1932 889 2013 quod
936 1933 1231 1994 Minervoe
1272 1944 1433 1993 stans
1472 1936 1533 1992 in
1578 1954 1714 1993 arce
1753 1934 2156 2004 simulacrum,
2203 1936 2280 1993 ab

376 2030 605 2089 oriente
638 2050 701 2089 se
738 2028 817 2089 ad
849 2028 1215 2089 occidentem
1248 2039 1645 2099 converterat,
1672 2032 2132 2110 sanguinemque
2173 2052 2281 2091 ex·

378 2134 635 2207 spuerat.
724 2125 849 2185 His
874 2125 1123 2205 aliisque
1150 2126 1325 2185 rebus
1358 2125 1445 2185 ita
1476 2124 1785 2195 confectis,
1821 2126 1882 2185 in
1919 2126 2102 2185 Samo
2137 2128 2282 2206 bye-

382 2241 535 2283 mem
572 2222 775 2299 exegit
808 2221 1035 2282 Caesar.
1120 2220 1337 2281 Romae
1371 2232 1610 2301 pontem
1639 2221 1974 2281 Fabricium
1997 2220 2280 2282 refectum
2305 2246 2447 2311 Pigh.
2471 2244 2602 2298 Am,

384 2338 423 2378 a
466 2318 535 2377 L.
564 2318 844 2377 Fabricio
881 2319 958 2378 C.
986 2317 1059 2377 F.
1088 2326 1359 2377 curatore
1392 2319 1642 2387 viarum,
1672 2318 1755 2385 Q.
1787 2317 2048 2397 Lepidus
2085 2318 2178 2377 M.
2207 2316 2279 2377 F.

387 2414 481 2475 M.
514 2414 741 2475 Lollius
768 2414 859 2473 Μ.
891 2413 961 2473 F.
992 2412 1160 2473 Coss.
1195 2433 1273 2473 ex
1308 2412 1812 2473 senatusconsulto
1846 2414 2279 2493 probaverunt:

380 2518 447 2569 et
472 2511 541 2570 L.
571 2509 953 2590 Sempronius
990 2510 1061 2568 L.
1096 2509 1168 2568 F.
1201 2508 1271 2569 L.
1302 2508 1391 2569 N.
1420 2511 1738 2571 Atratinus
1779 2530 1888 2591 pro
1927 2509 2170 2571 consule
2203 2529 2282 2573 ex
2307 2534 2438 2583 rm}
2449 2533 2609 2599 (ζῳῆς.

386 2606 605 2667 Africa
634 2623 725 2665 1v.
758 2603 905 2665 Idus
934 2604 1227 2665 Octobres
1250 2605 1656 2684 triumphavit.

464 2709 566 2762 21.
607 2702 743 2761 Jam
778 2700 868 2761 M.
899 2701 1241 2781 Appuleius
1270 2700 1413 2761 Sex.
1444 2700 1515 2761 F.
1547 2701 1630 2761 P.
1653 2700 1840 2763 Silius
1855 2693 1950 2763 ‘P.
1974 2702 2044 2763 F.
2070 2702 2282 2765 Nerva
2307 2746 2421 2796 Dio.

384 2798 655 2859 eonsules
683 2806 885 2865 erantz
912 2798 941 2830 ⁴·
982 2815 1119 2857 cum
1157 2797 1339 2858 Samo
1373 2818 1710 2879 progressus
1735 2798 1938 2859 Caesar
1965 2801 2184 2861 Asiam
2211 2822 2282 2863 ae

391 2894 741 2973 Bithyniam
776 2901 839 2951 et
874 2892 1111 2971 Syriam
1152 2894 1373 2953 invisit.
1458 2894 1824 2973 Quanquam
1857 2895 2014 2955 enim
2049 2897 2144 2957 hae
2177 2916 2283 2976 po-

390 2987 519 3067 puli
552 2987 871 3066 provinciae
906 2985 1279 3057 dicebantur,
1314 3006 1429 3047 non
1466 2990 1674 3047 minori
1709 3008 1866 3048 curae
1897 3000 2070 3050 erant
2102 2994 2286 3052 omni—

392 3102 493 3141 um
520 3082 792 3161 principi,
820 3089 998 3158 atque
1026 3082 1223 3140 animo
1248 3083 1400 3159 regis
1422 3084 1620 3142 omnia
1645 3083 2080 3164 complectenti.
2165 3087 2290 3147 His

388 3184 572 3243 etiam
614 3180 781 3251 locis,
824 3188 891 3239 ut
934 3178 1129 3239 meriti
1175 3180 1395 3259 quique
1438 3179 1812 3249 videbantur,
1856 3181 1952 3239 his
1999 3182 2292 3243 beneficia

390 3277 583 3349 dedit,
620 3277 751 3337 aliis
792 3276 1053 3355 injunxit
1090 3277 1321 3353 majora
1361 3275 1650 3355 prioribus
1680 3295 1878 3335 onera.
1960 3276 2292 3337 Trallianos
2349 3306 2506 3354 Euseb

390 3382 561 3434 terrae
596 3382 763 3433 motu
808 3372 1061 3449 graviter
1102 3368 1373 3442 afflictos,
1398 3372 1706 3451 gymnasio
1745 3372 2126 3451 partibusque
2161 3374 2293 3433 aliis
2317 3340 2524 3481 oggi}-

390 3489 469 3529 ea
514 3477 681 3549 peste
725 3466 960 3537 dirutis,
1002 3465 1258 3546 pecunia
1290 3467 1491 3544 juvit:
1544 3468 1803 3546 itemque
1851 3466 2218 3529 Laodicenos
2255 3490 2290 3529 e
2318 3466 2606 3559 xn.p.⁶'w.

396 3566 705 3644 Phrygia:
762 3584 867 3645 pro
907 3564 1121 3642 quibus
1160 3562 1653 3643 Thyatirenisque
1705 3572 1768 3623 et
1813 3562 1984 3623 Chiis
2024 3572 2289 3625 senatum
2312 3560 2545 3671 Τξζθῑῡῠ·

396 3659 673 3719 Tiberius
694 3669 823 3719 erat
844 3659 1212 3741 deprecatus.
1290 3659 1517 3721 Contra
1542 3660 1862 3739 Cyzicenis
1883 3659 2194 3739 Tyriisque
2219 3682 2291 3721 ac
2349 3629 2526 3737 {2122ss,

397 3754 663 3814 Sidoniis
712 3754 945 3813 ademta
993 3754 1267 3813 libertas:
1320 3755 1412 3813 his
1458 3757 1539 3814 ob
1580 3756 1893 3815 continuas
1935 3754 2288 3815 seditiones:
2317 3750 2493 3826 cinon.

400 3849 691 3929 Cyziceni
724 3850 882 3909 cives
918 3846 1226 3909 Romanos
1260 3848 1458 3927 flagris
1492 3849 1845 3911 ceciderant.
2316 3814 2430 3865 Dm.

470 4020 591 4071 ¹De
627 4026 828 4083 quatuor
868 4024 917 4069 et
951 4020 1131 4081 viginti
1172 4019 1313 4067 Eles-
1378 4020 1509 4082 giuti
1562 4020 1683 4070 olim
1733 4018 1896 4069 fuisse
1939 4020 2291 4069 Eleutherola·

398 4086 745 4135 cunulae-onum
784 4082 991 4147 oppidis]
1042 4082 1144 4131 Hic
1188 4097 1309 4145 pan·
1378 4098 1561 4132 conum
1608 4084 1834 4148 oppida;
1890 4082 1999 4131 sola
2043 4083 2291 4133 duodevi-

400 4150 507 4199 1um
573 4149 781 4198 aberrat
846 4147 1221 4197 Freinshemius
1282 4162 1315 4197 a
1379 4150 1509 4211 giuti
1545 4163 1639 4197 suo
1674 4162 1786 4197 aevo
1821 4160 2111 4210 superesse.
2185 4148 2290 4198 Sed

401 4221 575 4263 mente
626 4213 914 4275 Pausanias,
961 4212 1043 4275 qui
1091 4218 1313 4261 tantum·
1378 4228 1458 4262 res
1482 4212 1728 4276 estparvi
1752 4212 2017 4261 momenti.
2055 4214 2192 4261 Creo.

404 4276 559 4326 modo
605 4285 853 4327 memorat
890 4286 1112 4341 quatuor
1149 4282 1203 4326 et
1242 4277 1314 4325 vi·
1442 4276 1473 4306 ⁸
1508 4276 1573 4327 A.
1602 4278 1662 4327 U.
1687 4278 1746 4327 C.
1769 4280 1883 4326 ⁷32.
1947 4278 2015 4326 A.
2041 4276 2201 4326 C.2o.
