3159 4959
921 404 1130 455 unm
1180 402 1464 455 GXXlX.
1513 402 2157 463 SUPPLRHBNTUH·

423 558 772 626 ’quanquam
793 545 906 605 hoc
923 544 1150 607 bellum
1177 522 1268 605 in'i
1291 547 1530 607 minime
1554 546 1971 609 conferendum
1998 546 2319 617 videretur,

429 651 629 703 tamen
669 640 970 723 respondit
1002 652 1020 678 ‘
1041 653 1384 722 accepturos
1407 643 1593 722 digna
1616 645 1880 723 praemia,
1906 642 2081 703 simul
2124 644 2321 705 Anto-

430 739 564 797 nius
587 757 722 799 cum
759 739 880 798 suis
921 739 1283 799 exercitibus
1318 739 1602 810 affuisset,
1645 758 1795 819 quos
1826 739 2137 819 participes
2168 741 2323 816 ejus·

429 830 564 893 dem
593 830 968 892 liberalitatis
1006 832 1210 891 haberi
1251 853 1357 913 par
1391 842 1578 893 esset:
1608 835 1937 893 missionem
1980 853 2095 893 non
2137 834 2322 914 impe·

426 936 678 989 tratur-os
715 927 826 986 nisi
851 924 1020 986 finita
1055 946 1214 986 more
1249 929 1538 1004 majorum
1577 928 1831 998 militia,’
1872 929 2045 987 minis
2081 928 2321 999 additis,

429 1032 448 1061 ⁶
466 1023 516 1082 si
543 1021 889 1082 tumultuari
913 1030 1038 1081 tam
1064 1022 1282 1100 iniquis
1305 1023 1495 1082 causis
1519 1024 1868 1101 pergerent.’

505 1124 604 1178 83.
649 1116 756 1177 Ne
783 1126 982 1177 tamen
1009 1118 1214 1177 borum
1241 1119 1615 1179 contumacia
1656 1136 1857 1177 recens
1880 1114 2071 1178 dediti
2097 1120 2321 1179 exerci-

425 1220 523 1273 tus
566 1211 1046 1283 accenderentur,
1081 1222 1297 1272 vocata
1335 1212 1639 1282 concione,
1684 1211 1873 1271 lenius
1904 1213 2046 1289 egit.
2108 1222 2147 1248 ·‘
2174 1211 2241 1273 N
2245 1232 2320 1273 on

429 1308 632 1367 abesse
677 1307 852 1385 longe
895 1316 1128 1387 tempus
1165 1327 1286 1387 quo
1322 1306 1595 1367 satisfieri
1634 1307 1947 1387 postulatis
1978 1328 2177 1368 eorum
2214 1308 2321 1369 de-

425 1402 585 1463 beat.
667 1401 849 1461 Scitis
873 1403 1072 1474 enim,'
1119 1403 1334 1482 inquit,
1380 1411 1398 1439 ‘
1417 1403 1559 1462 mihi
1596 1422 1732 1461 cum
1780 1402 2049 1463 Antonio
2080 1404 2165 1465 sic
2194 1422 2322 1465 esse

426 1495 652 1558 divisas
679 1506 896 1577 partes,
926 1506 992 1558 ut
1013 1506 1206 1557 tamen
1234 1518 1366 1578 quae
1391 1517 1677 1557 summam
1709 1498 2073 1579 reipublicoe,
2114 1518 2321 1580 pacem

426 1590 790 1673 bellumque,
827 1592 1235 1672 cogendosque
1263 1603 1326 1653 et
1361 1593 1741 1654 dimittendos
1764 1596 2057 1654 exercitus
2082 1614 2320 1655 concer-

426 1697 592 1759 nant,
611 1686 686 1747 de
707 1690 1002 1749 communi
1021 1688 1308 1749 sententia
1327 1689 1506 1749 statui
1527 1698 1813 1770 oporteat.
1898 1687 2093 1767 Igitur
2109 1710 2289 1770 quam
2306 1724 2323 1737 -

428 1782 678 1863 primum
721 1785 836 1843 erit
867 1785 1122 1854 occasio,
1159 1784 1270 1843 erit
1311 1792 1506 1846 autem
1540 1783 1901 1865 propediem,
1942 1804 2017 1844 ne
2052 1783 2321 1845 dubitate

427 1878 568 1957 quin
595 1877 672 1937 de
697 1878 1018 1938 commodis
1040 1878 1336 1956 legionum
1361 1880 1470 1939 sim
1495 1898 1629 1938 cum
1650 1900 1723 1939 eo
1737 1879 2048 1957 diligenter
2067 1889 2321 1961 acturus.

429 1972 668 2033 Interea
701 1975 811 2033 sub
845 1974 1026 2053 signis
1065 1994 1256 2054 neque
1297 1976 1468 2036 otiosi
1509 1974 1879 2055 reipublicae,
1926 1995 2114 2055 neque
2152 1977 2323 2036 vobis

366 2066 374 2074 '
427 2068 666 2129 inutiles
701 2071 1032 2130 manebitis.
1118 2070 1381 2136 Quando
1419 2071 1580 2129 enim
1610 2068 1903 2130 beneficio
1939 2070 2201 2131 Deorum
2236 2072 2321 2133 ci·

427 2162 574 2225 vilia
598 2165 838 2225 tandem
865 2184 1030 2225 arma
1056 2165 1447 2243 quieveruntz
1497 2164 1575 2224 ad
1610 2173 1859 2225 externa
1890 2165 2055 2225 bella
2077 2186 2181 2227 vos
2212 2165 2322 2226 du-

424 2278 581 2329 cam,
609 2260 712 2319 ubi
737 2279 926 2337 neque
953 2258 1278 2319 formidetis
1301 2258 1488 2319 ullum
1515 2260 1732 2331 scelus,
1758 2280 1951 2339 neque
1976 2260 2172 2321 hostes
2194 2262 2325 2341 pari

423 2356 632 2414 robore
653 2344 898 2436 parique
923 2354 1170 2413 scientia
1194 2372 1484 2413 armorum
1510 2355 1801 2415 habeatis.
1860 2353 2125 2435 Illyrios,
2153 2356 2319 2418 Pan·

427 2443 657 2519 nonios,
708 2448 1044 2519 Dalmatas,
1097 2468 1288 2529 neque
1332 2449 1538 2510 debita
1591 2460 1867 2535 praestare
1904 2450 2220 2531 stipendia,
2256 2462 2323 2513 et

426 2543 585 2605 ultro
621 2545 916 2604 incursare
952 2542 1100 2604 fines
1129 2553 1376 2615 nostros,
1417 2544 1560 2605 dum
1602 2546 1845 2605 internis
1878 2545 2188 2607 discordiis
2226 2544 2316 2605 di-

429 2638 786 2718 stringimur,
814 2640 1080 2700 audistis.
1165 2640 1288 2699 Eos
1305 2638 1510 2699 ulcisci
1540 2642 1599 2700 in
1627 2642 1823 2700 animo
1848 2649 1973 2701 est:
2000 2649 2063 2700 et
2085 2640 2163 2701 ad
2189 2640 2316 2701 haec

426 2734 611 2805 bella,
637 2736 687 2794 si
716 2754 924 2815 parum
958 2743 1111 2795 esset
1143 2735 1551 2815 imperatorem
1601 2736 1733 2795 baec
1756 2737 1991 2814 jubere,
2032 2736 2143 2816 ipsi
2176 2756 2316 2821 opa-

426 2850 552 2891 ram
577 2840 830 2891 vestram
853 2830 1088 2901 offerre,
1113 2841 1319 2911 atque,
1346 2839 1414 2891 ut
1447 2832 1534 2891 ita
1556 2831 1776 2903 dicam,
1802 2832 2110 2891 obtrudere
2135 2831 2315 2893 debe-

425 2928 597 2995 retis:
650 2946 772 3007 quo
822 2926 1083 2987 Romani
1131 2928 1380 2987 nominis
1427 2928 1805 3005 ignominiam
1845 2926 2221 2987 vindicaretis
2254 2930 2315 2987 in

425 3022 583 3093 illos,
625 3022 730 3102 qui
769 3022 882 3081 nisi
917 3031 1138 3091 vestros
1166 3022 1393 3081 animos
1415 3030 1751 3101 vestrosque
1778 3021 2025 3081 lacertos
2054 3030 2316 3089 contem·

426 3126 650 3188 nerent,
677 3116 906 3195 injuriis
931 3115 990 3175 iu
1017 3116 1296 3197 populum
1324 3114 1669 3175 Romanum
1691 3116 2121 3177 abstinuissent.
2180 3116 2315 3177 Ad-

421 3230 628 3273 versus
651 3213 758 3273 hos
791 3211 1114 3273 laudabilis
1145 3212 1258 3271 erit
1291 3210 1534 3282 ferocia,
1570 3230 1753 3291 quam
1777 3219 1981 3271 contra
2006 3212 2317 3292 imperato-

427 3328 550 3369 rem
575 3318 828 3369 vestr-um
858 3309 1104 3389 turpiter
1139 3316 1201 3366 et
1238 3306 1454 3367 frustra
1476 3304 1833 3367 consumitis.
1918 3305 2027 3383 Ad
2049 3304 2316 3369 laetitiam

427 3404 540 3463 ulti
557 3402 802 3474 doloris,
836 3402 914 3462 ad
941 3403 1390 3483 gratulationem
1421 3403 1663 3473 civium,
1692 3400 1770 3461 ad
1801 3400 2057 3461 defensae
2082 3402 2315 3483 reipub·

425 3498 558 3569 licat
599 3500 864 3577 gloriam,
907 3498 1194 3559 accedent
1237 3507 1299 3558 et
1332 3520 1370 3559 a
1417 3518 1510 3559 me
1558 3499 1823 3579 praemia,
1863 3506 1927 3557 et
1969 3498 2029 3561 in
2070 3498 2315 3578 opulen-

423 3594 498 3654 tis
515 3596 788 3674 gentibus
811 3595 1046 3655 minime
1071 3614 1287 3676 expers
1315 3593 1532 3675 praedae
1559 3594 1809 3653 victoria
1838 3593 1994 3653 erit.’

510 3696 609 3749 34.
636 3689 1056 3749 Acclamatum
1081 3697 1193 3760 est,
1223 3698 1240 3725 ‘
1260 3690 1404 3749 satis
1428 3689 1542 3748 sibi
1567 3690 1922 3749 exhaustum
1948 3687 2191 3759 laboris,
2208 3708 2315 3751 nec

427 3783 508 3845 ad
535 3804 692 3845 nova
713 3784 879 3845 bella
897 3785 1279 3866 profecturos,
1307 3785 1566 3845 noudum
1596 3784 1856 3864 acceptis
1879 3783 2137 3863 priorum
2164 3802 2315 3862 prm·

417 3881 563 3940 -miis
587 3900 660 3945 ac
683 3881 1036 3941 honoribus?
1081 3881 1288 3959 Atque
1307 3878 1411 3939 illo
1429 3878 1837 3959 respondente,
1866 3886 1883 3913 ‘
1906 3897 1969 3935 se
1988 3886 2053 3937 et
2070 3876 2319 3941 honore·

429 3974 664 4036 dedisse
707 3976 942 4047 multos,
984 3984 1048 4035 et
1087 3974 1426 4035 additurum
1469 3994 1717 4034 coronas
1756 3972 1909 4033 alias
1952 3972 2314 4050 legionibusz

429 4072 750 4152 itidemque
775 4072 867 4131 his
893 4070 996 4150 qui
1021 4069 1217 4130 navali
1243 4069 1450 4150 praelio
1474 4070 1774 4140 vicissent,
1799 4067 2130 4147 oleaginasz
2170 4088 2319 4150 prae-

429 4175 594 4230 terea
632 4168 882 4229 tribunis
921 4178 984 4229 et
1022 4166 1458 4228 centurionibus
1489 4174 1831 4247 praetextas,
1860 4165 2079 4247 jusque
2103 4164 2317 4251 adipis-
