3159 4959
648 404 821 470 5988
1310 402 1313 406 ’
1568 418 1914 468 turona

1504 652 1692 719 LIB.
1767 650 1984 717 XIII.

732 812 1049 879 Valerius
1104 814 1421 879 Laevinus
1446 822 1501 863 ¹⁴
1557 816 1798 880 consul
1855 836 2084 899 parum
2139 835 2456 900 prospere
2509 815 2882 879 adversus

646 914 969 997 Pyrrhum
1000 918 1340 998 pugnavit,
1390 914 1898 999 elephantorum
1949 918 2244 981 maxime
2291 918 2609 981 inusitata
2661 914 2878 978 facie

646 1014 890 1081 territis
923 1016 1263 1082 militibus.
1353 1014 1522 1081 Post
1548 1016 1616 1080 id
1649 1024 1702 1064 ¹⁵
1745 1016 2056 1100 praelium
2085 1036 2238 1082 cum
2269 1035 2553 1100 corpora
2578 1016 2876 1079 Roma-

644 1136 899 1195 norum,
946 1118 1062 1201 qui
1108 1118 1175 1181 in
1208 1117 1357 1181 acie
1387 1117 1783 1197 ceciderant,
1836 1116 2131 1203 Pyrrhus
2173 1118 2554 1201 inspiceret,
2608 1116 2868 1180 omnia

644 1218 840 1283 versa
880 1220 943 1283 in
982 1220 1236 1284 hostem
1278 1218 1552 1295 invenit,
1605 1218 2253 1302 populabundusque
2301 1218 2387 1282 ad
2425 1219 2658 1282 urbem
2689 1214 2860 1281 Ro-

648 1337 824 1383 mam
871 1321 1227 1403 processit.
1316 1318 1395 1383 C.
1430 1318 1810 1398 Fabricius,
1857 1321 2103 1383 missus
2134 1318 2220 1383 ad
2252 1339 2406 1383 eum
2440 1337 2481 1382 a
2511 1317 2862 1395 senatu‚¹⁶

646 1426 719 1481 ut
750 1419 835 1484 de
864 1419 1265 1485 redimendis
1298 1418 1596 1503 captivis
1628 1428 1872 1502 ageret,
1917 1418 2178 1497 frustra,
2219 1428 2295 1484 ut
2323 1421 2609 1503 patriam
2639 1418 2854 1482 dese-

646 1528 843 1596 reret,
873 1541 915 1585 a
942 1541 1093 1603 rege
1123 1524 1419 1587 tentatus
1448 1523 1571 1585 est.
1647 1514 1922 1604 Captivi
1953 1520 2093 1585 sine
2117 1522 2330 1603 pretio
2358 1520 2625 1587 remissi
2657 1528 2854 1583 sunt.

644 1618 920 1699 Cineas,
968 1623 1221 1705 legatus
1268 1640 1312 1686 a
1364 1622 1624 1705 Pyrrho
1677 1620 1762 1684 ad
1814 1630 2116 1686 senatum
2165 1624 2441 1701 missus,
2489 1622 2710 1705 petiit,
2773 1630 2856 1686 ut

647 1721 1129 1804 componendoe
1175 1722 1372 1807 pacis
1417 1740 1630 1785 causa
1663 1740 1784 1785 rex
1827 1723 1892 1785 in
1923 1720 2175 1786 Urbem
2203 1722 2632 1803 reciperetur.
2665 1721 2672 1729 '
2729 1720 2852 1785 De

647 1841 782 1905 qua
820 1841 890 1886 re
935 1842 1085 1887 cnm
1133 1823 1219 1887 ad
1266 1822 1774 1907 frequentiorem
1821 1828 2114 1887 senatum
2155 1822 2382 1888 referri
2431 1822 2850 1905 placuisset,

646 1922 780 2006 Ap.
804 1921 1150 1995 Claudius,
1181 1925 1299 2009 qui
1322 1930 1594 2010 propter
1624 1922 2075 1989 valetudinem
2095 1930 2146 1972 ¹⁷
2174 1924 2514 1987 oculorum
2535 1924 2683 2006 jam
2715 1922 2850 1985 diu

647 2024 946 2088 consiliis
1002 2024 1298 2105 publicis
1362 2044 1437 2088 se
1494 2021 1995 2102 abstinuerat,'⁸
2069 2023 2246 2086 venit
2301 2022 2370 2085 in
2428 2022 2708 2098 curiam,
2771 2028 2850 2085 et

644 2124 968 2187 sententia
1008 2141 1131 2187 sua
1177 2123 1413 2200 tenuit,
1462 2130 1530 2187 ut
1569 2122 1638 2187 id
1679 2122 1937 2205 Pyrrho
1985 2130 2352 2204 negaretur.
2439 2120 2559 2186 Cn.
2594 2122 2840 2185 Domi-

644 2223 775 2289 tius
800 2232 852 2275 ¹⁹
903 2242 1145 2287 censor
1186 2225 1442 2307 primus
1483 2242 1569 2287 ex
1609 2223 1806 2308 plebe
1845 2224 2127 2287 lustrum
2167 2222 2513 2287 condidit.e
2609 2220 2845 2287 Censa

641 2329 801 2389 sunt
845 2324 1092 2387 civium
1145 2324 1373 2408 capita
1420 2324 1716 2390 ducenta
1759 2324 2194 2407 septuaginta
2229 2328 2386 2387 octo
2425 2322 2660 2399 millia,
2707 2322 2842 2387 du·

642 2429 835 2487 centa
863 2425 1098 2504 viginti
1126 2423 1282 2490 duo.
1364 2424 1614 2489 Iterum
1647 2422 1975 2489 adversus
2009 2420 2334 2506 Pyrrhum
2361 2423 2564 2486 dnbio
2587 2429 2842 2487 eventu

643 2531 999 2607 pugnatum
1042 2532 1171 2589 est.
1260 2524 1431 2589 Cum
1479 2523 2139 2607 Carthaginiensibus
2178 2530 2478 2606 quartum
2499 2528 2553 2559 ²⁰
2601 2521 2836 2587 foedus

641 2634 1035 2689 renovatum
1055 2621 1085 2659 ‘¹
1127 2630 1252 2689 est.
1339 2624 1511 2689 Cum
1541 2625 1624 2690 C.
1657 2624 1970 2689 Fabricio
2002 2626 2258 2689 consuli
2285 2626 2366 2702 ie,
2408 2624 2524 2707 qui
2551 2622 2642 2687 ad
2673 2642 2832 2686 eum

643 2740 687 2785 a
727 2721 979 2806 Pyrrho
1018 2725 1511 2805 transfugerat:
1554 2726 2005 2809 polliceretur,
2059 2744 2132 2789 se
2171 2724 2306 2807 regi
2349 2743 2667 2789 venenum
2707 2724 2834 2789 da·

643 2830 887 2897 turum,
927 2841 1078 2887 cum
1108 2824 1354 2889 indicio
1383 2824 1467 2889 ad
1497 2845 1722 2910 regem
1747 2826 2066 2891 remissus
2102 2838 2229 2891 est.
2320 2825 2461 2900 Res
2505 2830 2831 2908 praeterea

643 2929 876 2987 contra
904 2922 1257 3004 Etruscos,
1296 2925 1636 3007 Lucanos,
1677 2928 1998 3007 Bruttios,
2037 2936 2106 2993 et
2145 2928 2474 2991 Samnites
2504 2944 2828 3009 prospere

640 3032 868 3107 gestas
900 3026 1219 3091 continet.

1627 3141 1926 3163 acoemeto

706 3241 769 3287 1⁴
805 3236 1007 3287 [κυίκιι
1038 3240 1159 3291 edd.
1184 3246 1303 3290 ante
1323 3240 1499 3304 Sigon.
1566 3242 1695 3291 Mox
1727 3242 1976 3292 invisitata
1997 3258 2093 3301 pro
2115 3241 2347 3291 inusitate
2378 3240 2515 3302 conj.
2543 3240 2620 3289 Ru
2691 3246 2824 3287 rt.-

644 3303 705 3350 1⁵
731 3300 793 3349 la
814 3302 920 3351 del.
942 3302 1237 3355 (hom—10
1257 3305 1435 3355 Verba
1454 3321 1485 3355 a
1502 3312 1671 3355 een-tu
1693 3306 1880 3355 desunt
1903 3309 1954 3355 in
1975 3308 2095 3356 edd.
2117 3314 2240 3355 ante
2259 3306 2434 3367 Sigon.
2456 3311 2511 3353 et
2533 3304 2586 3353 in
2691 3304 2818 3365 njnt.

642 3369 772 3414 —17
806 3366 1176 3419 Invalitudinen
1204 3370 1424 3432 Doujst.
1460 3369 1742 3419 Crem—18
1775 3370 1821 3419 Δ
1845 3372 2054 3420 consiliis
2077 3369 2278 3433 publicis
2299 3369 2594 3418 abstinuerat
2615 3368 2820 3430 Donjst.

540 3452 547 3461 -
640 3444 757 3478 cnm
791 3430 914 3479 edd.
946 3441 1066 3483 ante
1100 3434 1407 3497 sigone-19
1440 3433 1505 3483 Ρ.
1528 3433 1778 3483 Domitius
1807 3434 1930 3484 edd.
1964 3444 2085 3484 aute
2117 3434 2427 3497 signin—so
2461 3432 2644 3489 Quarto
2665 3430 2820 3481 Gron.

638 3494 857 3558 Doujnit.
881 3494 1033 3544 Crev.

1619 3624 1664 3675 N
1673 3624 1830 3676 0⁰1·AE

700 3726 723 3752 ⁸
746 3720 841 3767 Cn.
855 3719 1099 3769 Domitius
1112 3732 1275 3768 censor
1285 3720 1467 3782 primae
1482 3736 1544 3770 ex
1558 3723 1690 3784 plebe
1767 3726 1856 3774 du
1898 3722 2193 3786 renovatum]
2239 3721 2502 3771 Adversu-
2546 3720 2815 3783 Pyrrhum,

636 3794 839 3843 mm
857 3792 1097 3856 condidit]
1134 3794 1251 3843 Non
1274 3793 1375 3843 fuit
1399 3797 1592 3859 primus
1623 3812 1688 3845 ex
1770 3806 1829 3849 ut
1857 3800 2039 3863 Polyb.
2061 3812 2148 3847 ιιι.
2171 3802 2411 3846 testatur.

636 3869 791 3932 plebe
812 3882 997 3919 censor
1018 3871 1117 3920 Cn.
1138 3870 1395 3919 Domitius
1431 3872 1532 3935 (sic
1553 3872 1688 3921 enlm
1833 3881 1857 3908 ⁰
1889 3874 1961 3933 Ie,
1983 3874 2066 3938 qm·
2085 3874 2147 3922 ad
2168 3886 2270 3921 am
2292 3888 2320 3920 a
2343 3872 2538 3935 Pyrrho
2555 3870 2814 3931 transfuge-

636 3952 766 3994 rett.
792 3944 919 3994 libb.
938 3946 1153 4009 vocant)
1174 3946 1369 3995 etenim
1392 3948 1453 3997 C.
1468 3948 1691 3999 Martius
1769 3949 1872 4013 rat]
1909 3950 2064 3999 Hunc
2106 3948 2460 3997 Timocharem
2486 3946 2812 3996 Ambracien-

640 4022 867 4079 Rutilus,
910 4029 1127 4071 auctore
1174 4024 1343 4084 Livio,
1388 4024 1580 4087 primus
1625 4040 1691 4075 ex
1771 4038 1880 4074 sem
1904 4030 2057 4073 vocat
2079 4022 2316 4071 Valerius
2339 4020 2528 4071 Antius
2545 4038 2560 4068 ε
2595 4020 2814 4074 Quadri·

642 4096 794 4158 plebe
818 4110 1002 4149 censor
1036 4095 1225 4147 fuerat.
1292 4098 1399 4147 Sed
1434 4102 1692 4151 Domitius
1771 4100 1945 4162 gorius
1977 4106 2148 4147 sutem
2189 4098 2388 4147 Niciam
2428 4097 2567 4162 apud
2605 4097 2742 4153 Gell-
2778 4098 2811 4148 l.

638 4172 832 4235 primus
856 4186 887 4220 e
910 4172 1062 4235 plebe
1084 4175 1297 4223 lustrum
1315 4176 1568 4226 condidit.
1771 4188 1860 4225 nr.
1883 4189 1930 4225 c.
1953 4177 2002 4225 8.
2024 4186 2174 4239 quem
2196 4173 2332 4223 vide.

696 4244 721 4279 ⁴
747 4246 865 4295 Can
886 4248 1355 4311 Carthaginiensibus
1369 4254 1692 4316 quan-lunsoe-
