3159 4959
837 422 1038 472 mim!
1091 420 1379 471 cxxnl.
1425 424 2073 475 SUPPLEMBN'PUM.

347 584 554 643 quam,
579 583 766 643 neque
791 564 1012 645 populo
1033 566 1192 643 juris
1215 568 1274 625 in
1299 567 1543 628 civitate
1575 566 2021 645 relinqueretur.
2108 568 2237 628 Pa-

351 662 480 719 triae
503 661 679 737 igitur
705 660 918 720 ultioni
941 660 1442 723 commodavimus
1458 682 1687 731 manus,
1714 682 1827 721 non
1858 663 2067 741 ignari,
2092 664 2181 723 sic
2199 683 2238 722 a

351 756 668 831 majoribus
689 756 862 815 nobis
897 755 1174 815 traditam
1207 777 1334 815 esse
1369 756 1727 827 libertatem,
1753 766 1821 817 ut
1852 758 2239 829 retinentibus

347 848 458 907 hoc
497 851 798 929 proprium
837 857 900 909 et
936 860 1280 930 perpetuum
1320 853 1536 911 bonum
1578 862 1771 920 esset3
1822 852 2139 931 prodentes
2174 862 2239 913 et

344 956 544 1003 nostra
585 944 856 1015 stultitia,
891 954 956 1004 et
994 957 1298 1025 conceptae
1325 947 1719 1023 jurejurando
1760 948 1903 1010 dirae
1944 950 2235 1027 punirent.

345 1040 508 1100 Haec
527 1042 704 1119 igitur
731 1042 910 1111 mala,
937 1043 1046 1101 has
1071 1043 1536 1121 imprecationes,
1553 1053 1751 1103 nostro
1772 1046 2061 1123 periculo,
2086 1047 2236 1123 pub-

341 1136 460 1197 lico
503 1138 834 1209 commodo,
887 1158 926 1197 a
970 1140 1300 1205 cervicibus
1343 1139 1530 1199 Urbis
1565 1139 1933 1218 depulimns;
1996 1160 2237 1217 regnare

343 1230 564 1291 Romoe
611 1254 684 1293 ue
727 1233 982 1293 amicum
1023 1233 1286 1311 quidem,
1328 1243 1392 1293 et
1436 1235 1496 1293 in
1539 1254 1649 1293 nos
1692 1234 1997 1293 liberalem
2045 1236 2237 1300 virum

339 1330 527 1405 passi,
552 1338 865 1407 postquam
893 1329 998 1387 ille
1034 1329 1266 1407 petriae,
1293 1348 1334 1388 a
1367 1350 1488 1408 qua
1521 1338 1689 1389 tanta
1724 1339 2058 1409 acceperat,
2084 1332 2236 1392 cari-

341 1432 530 1481 tatem
577 1442 794 1483 exuere
833 1444 951 1485 non
999 1434 1090 1484 est
1137 1427 1372 1487 veritus.
1459 1425 1749 1485 Fortassis
1802 1435 1997 1486 autem
2040 1436 2237 1487 vestra

340 1538 582 1597 quoque
631 1540 798 1579 mens
843 1520 1164 1599 aliquando
1205 1521 1296 1581 bis
1341 1523 1400 1580 in
1439 1524 1615 1581 rebus
1658 1522 1963 1601 caligavit,
2009 1521 2237 1601 fulgore

338 1616 670 1692 praestricta
723 1615 1070 1675 bellicorum
1118 1637 1385 1697 operum,
1437 1636 1574 1697 quae
1624 1618 1713 1677 vir
1763 1618 1888 1687 ille,
1938 1638 2073 1677 cum
2122 1618 2235 1699 sibi

338 1718 664 1788 praestaret,
714 1712 920 1790 patriae
969 1713 1320 1791 imputabat.
1404 1712 1499 1771 At
1539 1733 1695 1773 nuuc
1738 1722 1899 1773 certe
1944 1712 2075 1773 fieri
2116 1733 2233 1773 non

335 1814 556 1883 potest,
593 1806 736 1883 quin
775 1808 992 1867 veritas
1024 1826 1086 1865 se
1115 1808 1282 1867 vobis
1307 1808 1633 1887 patefaciat
1668 1830 1745 1868 ex
1770 1808 2115 1867 firmissimis
2140 1828 2235 1867 ar-

333 1902 652 1977 gumentis,
689 1920 822 1979 quae
849 1902 944 1961 vel
983 1903 1062 1961 ab
1096 1902 1186 1961 his
1216 1903 1414 1973 rebus,
1450 1904 1512 1961 in
1543 1904 1757 1982 quibus
1781 1904 1953 1963 vobis
1986 1912 2051 1962 et
2072 1912 2237 1965 certa

336 1998 572 2066 notitia,
601 2007 664 2056 et
689 1997 1002 2076 plurimum
1021 1999 1176 2075 juris
1199 2018 1326 2057 esse
1351 1998 1556 2069 debet,
1579 1999 2047 2079 suppeditantur.

421 2099 518 2153 15.
563 2103 580 2128 ⁴
607 2093 738 2153 Vos
763 2094 822 2151 in
848 2093 1010 2154 bello
1037 2113 1150 2153 non
1179 2094 1312 2153 aliis
1337 2096 1558 2173 paretis
1581 2094 1853 2165 ducibus,
1881 2114 2061 2174 quam
2086 2114 2239 2173 quos

331 2188 660 2267 aliquando
685 2188 896 2265 dignos
912 2208 984 2247 eo
1011 2189 1144 2255 loco
1160 2189 1500 2266 judicastis.
1586 2189 1727 2249 Nec
1747 2192 1923 2259 enim,
1949 2192 2118 2249 salva
2142 2212 2235 2249 re-

330 2284 602 2364 publica,
629 2284 743 2341 iter
783 2282 862 2341 ad
899 2283 1145 2361 imperia
1179 2284 1288 2341 nisi
1329 2304 1432 2361 per
1466 2285 1717 2351 honores
1740 2284 1876 2354 fuit,
1904 2285 2007 2364 qui
2032 2285 2239 2351 vestris

328 2377 634 2453 suffragiis
683 2376 1154 2435 conferebantur.
1268 2376 1400 2437 Vos
1449 2376 1719 2436 consules
1766 2380 2079 2449 creabatis,
2132 2400 2237 2441 vos

327 2481 656 2553 praetores:
725 2480 1052 2531 ceterorum
1105 2491 1339 2550 quoque
1391 2472 1634 2531 comitia
1676 2472 2119 2549 magistratuum
2172 2476 2233 2535 in

325 2577 528 2628 vestra
553 2587 729 2627 manu
757 2575 942 2625 erant.
1027 2566 1224 2625 Iidem
1249 2576 1313 2625 et
1339 2566 1574 2644 judicia
1614 2567 1811 2644 legum
1850 2570 2145 2645 agebatis,
2166 2580 2234 2629 ut

327 2666 514 2733 nostri
555 2664 775 2723 ordinis
793 2664 928 2724 ‘viri
967 2664 1158 2741 magis
1191 2662 1388 2723 colere
1433 2663 1721 2742 populum
1764 2674 2129 2741 cogerentur,
2160 2667 2233 2739 ‚in

325 2762 504 2837 cujus
545 2768 837 2838 potestate
881 2760 1126 2837 praemia
1167 2778 1486 2837 poenasque
1525 2768 1683 2819 recte
1724 2768 1829 2819 aut
1850 2780 2019 2819 secus
2042 2760 2229 2821 facto·

327 2876 460 2913 rum
499 2874 623 2913 esse
657 2856 952 2922 sciebant.
1053 2854 1139 2911 Et
1191 2854 1382 2914 donec
1433 2874 1508 2913 ea
1559 2854 1711 2915 ratio
1768 2856 1997 2913 senatui
2042 2876 2231 2934 popu·

328 2949 520 3027 loque
552 2950 842 3019 constitit,
897 2958 964 3007 ut
1007 2949 1236 3009 nobiles
1293 2950 1508 3009 virtute
1565 2948 1643 3007 ad
1686 2951 1933 3009 bonores
1980 2949 2229 3009 niteren-

325 3054 446 3113 tur,
468 3064 574 3105 vos
595 3046 822 3123 optimo
839 3044 1054 3121 cuique
1075 3043 1280 3103 debita.
1299 3043 1546 3121 praemia
1571 3043 1843 3120 lubenter
1858 3045 2223 3121 tribueretis:

322 3159 448 3203 ,nou
485 3140 662 3199 modo
701 3138 901 3199 floruit
923 3139 1112 3216 gloria
1135 3148 1196 3199 et
1235 3141 1470 3219 opibus,
1513 3138 1619 3198 sed
1662 3142 1843 3199 etiam
1878 3140 2069 3199 crevit
2109 3162 2227 3199 res-

325 3236 592 3313 publica.
1726 3290 1734 3297 .

412 3338 507 3389 16.
557 3341 574 3365 ‘
597 3331 940 3391 Intercessit
976 3330 1190 3391 deinde
1221 3331 1334 3390 viri
1375 3331 1545 3389 unius
1570 3330 1891 3401 temeritas,
1919 3331 1979 3389 in
2005 3350 2067 3390 se
2104 3340 2224 3393 tne-

321 3426 520 3492 hentis
557 3428 778 3501 omnia,
807 3436 1178 3505 vestrumque
1210 3426 1316 3502 jus
1353 3427 1711 3506 usurpantis,
1752 3435 1817 3485 ut
1856 3427 2075 3485 nemini
2089 3428 2224 3503 jam

321 3523 720 3599 magistratus,
749 3522 860 3579 nisi
886 3542 962 3579 ex
988 3522 1293 3581 voluntate
1315 3533 1494 3601 atque
1519 3523 1700 3581 etiam
1730 3520 1995 3579 lubidine
2022 3520 2223 3581 Caesa-

326 3616 430 3685 ris,
473 3615 768 3675 darentur.
854 3614 1047 3693 Igitur
1087 3635 1276 3694 neque
1321 3617 1528 3675 virtuti
1586 3618 1934 3694 cujusquam
1982 3614 2223 3675 reddere

327 3710 677 3781 mercedem,
704 3714 858 3770 sicut
883 3719 1081 3782 antea,
1108 3712 1414 3791 potuistis;
1459 3732 1677 3790 neque,
1700 3712 1750 3769 si
1780 3712 1917 3790 quis
1942 3713 2221 3771 honorem

317 3804 514 3867 ullum
549 3805 809 3877 abstulit,
836 3808 1005 3867 vobis
1039 3827 1110 3865 eo
1145 3806 1402 3877 nominc,
1430 3806 1536 3865 sed
1571 3804 1794 3865 Caesari
1840 3805 2051 3863 debuit
2090 3824 2224 3881 gra-

323 3902 486 3963 tiam.
555 3900 662 3963 Ne
685 3903 950 3963 tribunos
969 3902 1231 3980 quidem,
1253 3902 1550 3981 proprium
1574 3901 1769 3980 plebis
1794 3900 2219 3977 mag-istratum,

323 4005 428 4055 aut
456 3998 962 4077 creare.potuistis
987 3997 1121 4075 ipsi,
1148 4004 1256 4055 aut
1289 3995 1647 4055 defendere:
1712 4014 1859 4073 quos
1894 3993 2051 4065 ideo,
2080 3996 2221 4073 quia

317 4090 614 4159 ,Romanis
653 4092 1020 4155 intolerabile
1055 4111 1266 4151 nomen
1308 4092 1460 4168 regis
1481 4091 1747 4169 usurpari
1772 4090 2074 4163 vetabant,
2116 4112 2220 4171 per

322 4209 608 4262 summam
646 4190 1062 4253 contumeliam
1105 4188 1348 4269 spoliari
1381 4194 1771 4249 sacrosanctae
1802 4188 2105 4268 potestatis
2128 4189 2216 4249 in-
