3159 4959
531 404 704 471 5654
1073 415 1080 423 '
1487 420 1558 470 r.
1606 418 1801 470 mvn

535 569 749 635 Appi-n.
853 568 949 621 tur
985 578 1022 619 a
1049 556 1276 641 Lepido
1299 559 1643 641 plerumque
1672 559 2159 640 transfugiebant,
2184 578 2319 620 cum
2346 559 2469 621 illis
2491 560 2571 623 ad
2596 578 2747 643 quos

853 656 1267 717 custodiendos
1309 668 1611 718 venerant.
1693 657 1832 719 Jam
1874 667 1939 717 et
1983 656 2489 737 Pompeianorum
2532 656 2743 738 reliqui

853 752 1180 829 agminibus
1201 752 1378 813 factis
1401 752 1801 825 deseruerant,
1828 761 1890 812 et
1914 752 2238 832 apparebat
2262 751 2439 812 finem
2464 751 2743 812 deficien-

853 845 918 905 di
941 846 1170 908 nullum
1206 846 1364 907 fore:
1409 868 1542 909 cum
1579 850 1750 927 signa
1783 848 2123 907 abeuntium
2148 846 2404 905 retinens
2428 848 2743 927 imperator

853 941 1239 1014 exclamavit,
1281 952 1300 979 ‘
1327 942 1488 1003 Haec
1521 962 1633 1022 ego
1662 962 1963 1021 nunquam
1994 942 2289 1002 dimittam
2314 944 2525 1003 vivus!
2578 944 2742 1001 Abs-

853 1038 1034 1097 cessit
1069 1046 1292 1109 tamen,
1335 1040 1570 1097 territus
1608 1038 2027 1099 violentissima
2070 1056 2214 1099 voce
2260 1036 2541 1117 signiferi,
2578 1047 2598 1074 ‘
2624 1037 2741 1097 Di-

853 1133 1052 1193 mittes
1091 1152 1232 1211 ergo
1275 1134 1575 1193 mortuus.’
1656 1132 1955 1192 Postremi
1994 1133 2255 1192 omnium
2312 1132 2564 1211 equites,
2606 1142 2740 1192 tan-

852 1246 1031 1307 quam
1057 1227 1135 1287 ad
1178 1226 1575 1287 redimendum
1616 1246 1793 1287 morae
1834 1228 2077 1299 crimen,
2117 1227 2395 1287 miserunt
2429 1226 2505 1285 ad
2534 1226 2739 1289 cm-

851 1340 1001 1393 rem,
1051 1330 1316 1382 utrumne
1367 1322 1637 1383 occidere
1687 1322 1971 1383 deberent
2021 1320 2309 1401 Lepidum
2350 1321 2738 1395 consulentes,

563 1422 677 1473 sen.
709 1423 826 1473 Nat.
842 1417 976 1493 jam
1001 1425 1244 1477 exutum
1269 1418 1532 1497 imperio.
1618 1416 1739 1478 Sed
1766 1418 1827 1477 id
1854 1416 2096 1497 quidem
2122 1417 2311 1475 vetuit
2338 1416 2565 1477 Caesar.
2648 1418 2741 1479 At

529 1487 717 1599 10,ssss
753 1502 826 1535 xv.
854 1510 1131 1592 Lepidus,
1157 1513 1462 1593 repentina
1484 1511 1732 1572 fortunae
1758 1512 2081 1573 mutatione
2106 1510 2392 1589 dejectus,
2422 1530 2556 1571 cum
2578 1512 2739 1592 pullo

530 1612 671 1689 Oros.
854 1606 1106 1667 amiculo
1152 1607 1230 1667 ad
1276 1607 1571 1668 Caesarem
1614 1608 1794 1667 venit.
1879 1605 1997 1665 Cui
2036 1624 2171 1665 cum
2213 1605 2291 1665 ad
2334 1624 2525 1685 genua
2560 1608 2739 1668 vellet

525 1676 741 1805 Ram
851 1702 1146 1811 accidere,
1169 1704 1613 1813 sublevatus-est
1630 1704 1707 1763 ab
1732 1710 2097 1811 assurgente3
2114 1701 2355 1811 vitaque
2374 1722 2651 1762 conceoea
2674 1712 2739 1763 et

530 1804 662 1855 vell.
695 1806 829 1857 Suet.
852 1798 1041 1868 bonis,
1084 1796 1344 1858 Romam
1387 1819 1678 1870 remissus,
1704 1807 1769 1857 ut
1806 1798 1943 1857 inde
1985 1796 2249 1856 Circeios
2288 1816 2347 1856 in
2390 1806 2735 1879 perpetuum

851 1894 1098 1954 exilium
1123 1894 1514 1973 ablegaretur,
1539 1892 1889 1955 triumvirali
1914 1899 2203 1972 potestate
2230 1891 2486 1952 ademta.
2570 1893 2736 1953 Pon·

525 1996 636 2048 Liv.
656 1998 792 2063 Epic.
851 1987 1142 2049 tificatum
1165 1997 1360 2050 tamen
1387 1991 1731 2060 maximum,
1776 1988 2113 2049 Octaviano
2140 1988 2525 2061 concedente,
2551 2009 2735 2069 usqne

527 2061 744 2125 ΛΡΜ·
852 2082 930 2142 ad
957 2082 1131 2145 finem
1153 2086 1295 2145 vitae
1323 2086 1582 2146 retinuit.

526 2125 760 2251 Αἶΐῖῗῖ
929 2185 1029 2239 31.
1059 2178 1311 2241 Sublato
1335 2182 1394 2239 iu
1414 2181 1570 2240 hunc
1588 2178 1825 2239 modum
1846 2178 2095 2259 Lepido,
2116 2178 2322 2239 Ooesar
2340 2198 2419 2239 ex
2437 2198 2543 2239 sna
2562 2182 2735 2242 unius

528 2274 646 2328 Dio.
845 2276 1140 2335 sententia
1185 2276 1482 2337 ordinavit
1529 2274 1812 2337 Siciliam.
1896 2275 2149 2355 Equites
2186 2284 2249 2334 et
2290 2285 2587 2336 senatores
2632 2281 2735 2357 qui

847 2368 1092 2432 fuissent
1136 2372 1196 2431 in
1243 2370 1416 2432 Sexti
1453 2372 1739 2451 partibus,
1766 2370 2055 2451 supplicio
2088 2370 2309 2440 affecit,
2338 2380 2548 2450 proeter
2587 2392 2731 2454 pau-

845 2486 986 2526 cos:
1033 2466 1256 2527 milites
1278 2468 1338 2527 in
1363 2486 1500 2528 suas
1529 2468 1789 2546 legiones
1812 2467 2127 2529 distribuit.
2214 2466 2469 2527 Urbium
2496 2488 2733 2549 quoque

844 2570 1092 2641 pensata
1103 2562 1342 2621 meritat
1363 2563 1961 2643 pertinacioribusque
1983 2581 2167 2643 poenae
2187 2564 2539 2633 constitutae,
2556 2584 2729 2643 spon-

556 2666 824 2727 Smboflx.
845 2664 904 2715 te
929 2656 1144 2717 deditis
1179 2658 1354 2718 venia
1387 2656 1654 2737 praebita.
1737 2656 2031 2736 Rheginis
2058 2656 2293 2729 deinde,
2320 2659 2616 2737 paucitate
2642 2658 2730 2718 in-

523 2746 576 2795 P·
589 2736 703 2781 ²⁵⁹·
843 2749 1106 2811 celarum
1133 2752 1562 2821 laborantibus,
1586 2751 2055 2832 supplementum
2082 2752 2289 2813 Caesar
2320 2772 2398 2812 ex
2422 2753 2593 2813 sociis
2622 2774 2729 2813 na-

524 2850 641 2901 Dio.
843 2844 1078 2906 valibus
1124 2845 1306 2907 dedit.
1388 2846 1661 2907 Antonio
1699 2866 1881 2907 naves
1912 2847 1992 2907 ab
2036 2846 2143 2907 illo
2176 2856 2451 2927 acceptas
2486 2848 2728 2917 remisit,

523 2953 734 3018 Appiam.
841 2944 1167 3005 substitutis
1211 2944 1344 3005 aliis
1383 2946 1445 3003 in
1485 2943 1682 3005 locum
1724 2964 1926 3004 earum
1972 2963 2106 3023 quoe
2142 2946 2455 3025 perierant.
2539 2945 2727 3004 Pom-

843 3042 1038 3120 peium
1073 3060 1262 3122 neque
1301 3061 1404 3122 per
1437 3060 1501 3100 se
1543 3060 1735 3121 neque
1762 3060 1867 3121 per
1894 3039 2047 3100 alios
2082 3049 2419 3121 persecutus
2454 3049 2567 3112 est,
2604 3042 2727 3100 sive

843 3136 1003 3217 quod
1038 3158 1072 3198 e
1113 3156 1352 3198 numero
1385 3138 1570 3218 patris
1604 3136 2041 3197 interfectorum
2066 3136 2169 3197 ille
2196 3156 2308 3197 non
2334 3136 2559 3204 sueratz
2602 3138 2727 3195 sive

842 3252 917 3292 ne
955 3233 1238 3313 querendi
1275 3252 1512 3293 causam
1553 3233 1841 3314 preberet
1888 3232 2176 3304 Antonio,
2230 3234 2281 3293 si
2330 3232 2622 3294 videretur
2662 3238 2723 3296 in

841 3339 1067 3408 partem
1103 3328 1261 3389 illius
1285 3349 1420 3393 cum
1446 3329 1622 3389 armis
1645 3326 2070 3391 transcendere.

918 3430 1018 3483 32.
1062 3423 1424 3484 Donativum
1462 3423 1598 3485 inde
1623 3424 1909 3485 militibus
1930 3424 2119 3498 dedit,
2146 3444 2509 3506 coronasque
2531 3439 2593 3488 et
2616 3429 2721 3491 lio-

837 3538 1004 3580 nores
1017 3519 1335 3591 distribuit,
1355 3522 1757 3600 concessitque
1774 3522 2163 3603 Pompeianis
2185 3524 2443 3595 veniam,
2470 3533 2531 3585 et
2548 3526 2721 3605 plura

835 3615 1104 3695 promisit
1136 3616 1196 3675 in
1236 3614 1518 3688 futurum,
1545 3614 1847 3696 pollicitis,
1873 3637 2050 3697 quam
2084 3627 2371 3699 presente
2410 3620 2607 3699 copia,
2645 3620 2721 3679 ad

835 3718 1064 3771 tantam
1088 3710 1540 3771 exsaturandam
1565 3712 2000 3773 multitudinem
2026 3714 2377 3775 instructior.
2440 3714 2719 3775 Conduc-

519 3807 658 3881 oros.
834 3806 912 3865 tis
935 3807 1090 3866 enim
1121 3805 1180 3866 in
1216 3825 1395 3866 unum
1425 3807 1632 3887 copiis,
1674 3806 1933 3886 legiones
1970 3809 2318 3869 numerabat
2356 3811 2618 3889 quinque
2660 3819 2721 3870 et

513 3869 724 3935 Appm.
835 3900 1245 3981 quadraginta,
1284 3903 1544 3983 equitum
1581 3902 1776 3963 millia
1810 3905 2069 3984 quinque
2099 3914 2161 3963 et
2190 3904 2420 3981 viginti,
2448 3903 2598 3964 levis
2622 3924 2715 3965 ar-

515 3997 810 4050 v011.n.81·
833 4006 1074 4057 matnrae
1098 4006 1322 4079 septem
1355 4006 1419 4057 et
1450 3998 1691 4077 triginta
1729 4000 1980 4059 circiter.
2064 3996 2133 4057 N
2136 4018 2207 4058 ec
2240 3997 2381 4057 tulit
2404 3998 2573 4059 miles
2594 3997 2715 4057 dif-

515 4060 716 4175 offlg‘et
831 4091 968 4153 ferri
992 4114 1124 4175 spes
1145 4114 1303 4166 suas,
1339 4095 1725 4176 poposcitque
1760 4096 2087 4156 missionem
2112 4103 2175 4155 et
2208 4096 2473 4174 praemia,
2500 4094 2718 4175 quibus

511 4189 725 4255 Appi-n.
831 4187 1032 4248 donati
1057 4198 1190 4269 post
1225 4190 1637 4272 Philippensia
1676 4212 1836 4253 arma
1861 4193 2115 4253 victores
2151 4191 2402 4253 fuerant.
2486 4190 2713 4261 Caesar,
