3159 4959
590 833 2404 960 SUPPLEMENTUM

1094 1127 1371 1194 LIBRI
1441 1129 1856 1197 CXXXII.

974 1375 1057 1452 H
1085 1375 1964 1457 [STORIARUM

710 1556 872 1706 Τ.’
953 1622 1336 1710 len
1458 1624 2226 1716 PATAVINI.

358 2159 418 2216 1.
466 2135 713 2224 INTER
728 2157 858 2216 haec
876 2155 1198 2228 Antonius,
1222 2155 1482 2218 Canidio
1502 2178 1638 2217 cum
1653 2157 1908 2217 sedecim
1933 2156 2260 2237 legionibus
2316 2131 2449 2216 Plut.

360 2252 441 2312 ad
486 2271 648 2312 mare
694 2253 1014 2331 praemisso,
1067 2261 1469 2313 occurrentem
1516 2252 1898 2333 Cleopatram
1939 2255 2261 2336 excipiens,
2285 2230 2554 2346 Agrtgtvz.

361 2345 667 2428 Ephesum
684 2368 821 2406 cum
849 2369 922 2406 ea
939 2349 1218 2428 perrexit,
1236 2349 1317 2406 ibi
1340 2357 1748 2408 contracturus
1780 2347 2045 2408 classem.
2101 2347 2260 2408 Haec
2291 2363 2369 2410 19.

358 2439 567 2502 audita
586 2441 805 2502 Romae
834 2441 1132 2502 Goesarem
1162 2454 1476 2523 patresque
1496 2453 1828 2534 moverunt,
1858 2453 1947 2515 ut,
1969 2443 2261 2524 legatione
2288 2423 2436 2542 Pffss,
2457 2503 2508 2538 ι.

338 2539 542 2598 ‘missa
556 2539 615 2596 in
628 2537 859 2598 Urbem
876 2559 1009 2599 eum
1026 2549 1393 2610 revocarent,
1406 2540 1557 2600 inter
1568 2553 1884 2621 praesentes
1893 2540 2126 2601 facilius
2141 2542 2260 2602 dis-
2285 2549 2393 2600 Liv.
2414 2551 2550 2615 Epic.

354 2625 582 2714 cepturi
604 2635 1030 2694 controversias
1054 2636 1167 2695 rati
1192 2655 1207 2694 ι
1251 2655 1389 2696 mox
1419 2636 1500 2695 ire
1528 2636 1902 2706 abnuentem,
1923 2635 2094 2696 finito
2126 2639 2260 2716 jam

352 2730 755 2790 triumviratus
794 2739 1105 2811 tempore,⁸
1142 2731 1315 2790 sicuti
1351 2751 1537 2812 nuper
1562 2732 1940 2812 promisisset,
1966 2731 2258 2812 deponere

354 2824 765 2904 magistratum
798 2827 1094 2904 juberent.
1179 2825 1427 2886 Interim
1462 2825 1757 2888 Kalendis
1793 2827 2095 2889 Januariis
2119 2831 2258 2890 'novi
2315 2829 2484 2894 Supra,

357 2915 576 3006 Romae
603 2922 872 2981 consules
898 2921 1105 2981 ineunt
1128 2919 1245 2981 Cn.
1276 2921 1578 2981 Domitius
1604 2922 1675 2982 L.
1697 2921 1769 2981 F.
1797 2921 2257 2994 Ahenobarbus,
2284 2908 2469 3007 giam·
2497 2898 2584 2944 ⁴⁸⁹

358 3015 432 3077 C.
466 3014 673 3076 Sosius
700 3016 775 3076 G.
805 3015 877 3076 F.
942 3017 1214 3083 Quorum
1244 3015 1566 3090 Domitius,
1588 3017 1852 3077 civilium
1873 3018 2259 3077 certaminum

356 3105 729 3192 experientia
754 3111 1004 3181 cautior,
1032 3111 1351 3170 modestius
1386 3113 1606 3189 agebat
1628 3131 1644 3170 ε
1663 3111 1696 3146 *
1737 3111 1889 3170 alter
1913 3112 2090 3171 nullis
2117 3111 2258 3171 dum

354 3205 729 3269 conflictatus
766 3205 1123 3276 infortuniis,
1166 3206 1356 3287 primo
1391 3207 1589 3266 statim
1633 3215 1839 3266 senatu
1892 3207 2082 3265 multa
2123 3227 2258 3266 cum

355 3300 537 3366 laude
566 3298 821 3363 Antonii
850 3303 1149 3362 Caesarem
1190 3303 1418 3380 arguit;
1464 3302 1862 3380 tendebatque
1897 3310 1964 3359 ut
1996 3287 2258 3360 senatus-

356 3399 688 3460 consultum
730 3399 1058 3459 rationibus
1100 3400 1232 3477 ejus
1272 3417 1557 3480 perquam
1603 3396 1914 3456 adversum
1954 3395 2143 3468 fieret,
2198 3397 2258 3456 ni

356 3490 602 3556 Nonius
646 3496 879 3556 Balbus
935 3495 1373 3576 praescriptione
1438 3494 1726 3553 tribunitii
1779 3493 2030 3552 nominis
2081 3495 2257 3554 inter-

354 3591 647 3650 cessisset.

438 3691 502 3746 2.
546 3684 783 3746 Aberat
830 3693 955 3744 tum
1006 3685 1275 3744 consulto
1330 3683 1569 3751 Caesar:
1637 3683 1841 3744 nolens
1885 3703 1947 3742 se
1998 3683 2256 3762 praebere

360 3781 863 3850 altercationibus,
892 3779 1107 3860 quibus
1130 3799 1320 3858 neque
1342 3779 1551 3838 cedere
1577 3779 1702 3836 sine
1728 3777 2029 3855 dignitatis
2064 3777 2256 3834 immi-

360 3869 601 3936 nutione
626 3883 820 3956 posset
836 3897 852 3943 ;
898 3885 981 3943 et,
1008 3875 1059 3933 si
1084 3873 1322 3953 quidem
1362 3872 1677 3952 imperium
1709 3872 2018 3942 inhiberet,
2047 3870 2256 3931 incho-

362 3975 459 4032 are
485 3973 712 4032 bellum
748 3969 1060 4032 videretur.
1148 3969 1349 4028 Etiam
1388 3967 1463 4027 ad
1504 3967 1706 4028 omnia
1745 3968 2030 4026 maturius
2065 3969 2256 4047 pensi-

371 4165 409 4208 Α.
425 4155 649 4206 annuo
666 4153 777 4216 jan
810 4153 1138 4204 triumviratus
1158 4157 1275 4202 um-
1347 4163 1523 4212 snpra.
1561 4150 1704 4200 Creo.

362 4218 497 4280 pore]
542 4219 663 4270 vid.
700 4227 807 4270 not·
846 4219 909 4268 ad
942 4217 1158 4268 cxxv'n.
1192 4220 1273 4266 88.
1410 4215 1440 4242 ⁶
1476 4214 1543 4264 Α.
1566 4213 1634 4263 U.
1654 4214 1712 4264 C.
1736 4215 1848 4263 ⁷2⁰.
1916 4211 1982 4262 A.
2007 4212 2066 4263 C.
2091 4216 2174 4263 82.
