3159 4959
840 411 1050 460 nunu
1098 409 1421 460 CXXXH·
1452 411 1808 464 summm
1825 413 2108 465 ssN'ruu.

360 553 565 625 lixior,
585 553 689 616 ubi
712 573 899 616 unum
919 553 1033 614 hoc
1058 551 1363 624 addidero,
1383 573 1521 616 cum
1544 555 1808 616 adversae
1833 563 2032 636 partes
2053 574 2258 618 nume·-

362 673 429 714 ro
468 661 530 713 et
566 650 771 713 robore
810 648 1085 719 militum,
1112 659 1620 731 apparatuumque
1650 652 1938 712 varietate
1973 653 2263 734 multipli-

363 748 510 812 citer
534 747 863 815 vincantur,
901 765 939 806 a
974 745 1141 806 nulla
1176 756 1371 806 tamen
1410 767 1473 808 re
1507 749 1932 826 imparatiores,
1961 769 2141 827 quam
2177 750 2262 810 ab

364 842 737 922 imperatore,
780 843 841 904 in
878 851 1175 902 certamen
1217 841 1592 904 descendere.
1676 843 1858 904 Unde
1899 847 2058 904 enim
2097 845 2156 906 ei
2194 847 2262 908 in

362 937 457 1003 his
508 938 677 1002 annis
718 938 1049 1000 necessaria
1088 938 1227 1002 huic
1272 937 1405 998 loco
1447 940 1857 1019 experientia?
1954 941 2156 1010 Quem
2196 952 2263 1006 et

362 1053 606 1114 corpore
642 1033 967 1096 invalidum
1004 1055 1129 1094 esse
1164 1037 1381 1096 scimus
1414 1054 1638 1106 omnes,
1675 1055 1786 1097 nec
1818 1045 1924 1096 aut
1961 1038 2022 1098 in
2067 1041 2256 1100 conti-

363 1132 545 1202 nenti,
568 1141 676 1193 aut
699 1132 760 1192 in
786 1131 935 1192 mari
960 1131 1139 1192 ullius
1164 1132 1353 1212 praelii
1372 1133 1684 1194 victoriam
1707 1153 1813 1212 per
1835 1153 1898 1192 se
1919 1133 2262 1196 obtinuim.

364 1227 542 1288 Certe
580 1229 641 1287 in
684 1227 1047 1309 Philippicis
1090 1229 1314 1309 campis
1347 1228 1491 1289 dum
1524 1250 1640 1308 ego
1682 1230 1882 1302 vinco,
1927 1231 2030 1291 iile
2071 1231 2264 1305 fusus,

361 1323 621 1404 fugatus,
647 1325 853 1384 eastris
892 1333 1105 1385 exutus
1144 1333 1267 1384 est:
1310 1345 1441 1398 nec,
1468 1325 1616 1406 quid
1651 1327 1880 1388 intersit
1911 1328 2064 1388 inter
2087 1328 2256 1400 duos,

363 1429 469 1483 eut
491 1421 729 1482 brevius
750 1441 981 1500 possem
1005 1430 1109 1482 eut
1130 1423 1323 1481 verius
1360 1441 1677 1502 exponere.
1757 1409 1900 1484 Jam
1923 1425 2108 1484 etiam
2129 1424 2256 1485 vic-

360 1516 529 1578 toriae
572 1516 787 1578 futurae
829 1517 1207 1578 certissimum
1248 1520 1600 1599 praesegium
1639 1520 1792 1578 sumi
1835 1539 1914 1580 ex
1954 1521 2262 1601 paratibus

360 1611 529 1672 solet.
629 1611 763 1672 Illis
801 1614 999 1692 igitur,
1040 1615 1093 1674 si
1136 1613 1279 1692 quid
1324 1615 1551 1674 roboris
1591 1623 1701 1686 est,
1746 1614 1898 1674 forte
1941 1617 2020 1676 sit
2060 1617 2124 1676 in
2169 1618 2258 1678 le-

362 1707 653 1786 gionibus,
704 1719 767 1770 et
816 1710 1183 1790 pedestribus
1230 1712 1437 1792 copiis.
1522 1711 1618 1770 At
1665 1731 1820 1796 vero
1865 1713 2138 1785 navibus,
2190 1725 2264 1774 ut

360 1803 473 1882 ipsi
512 1803 742 1877 videtis,
784 1814 957 1865 tanta
995 1805 1331 1866 differentia
1367 1814 1479 1878 est,
1522 1815 1594 1866 ut
1624 1807 1832 1866 nostris
1869 1808 2112 1886 quidem
2149 1829 2256 1870 no·

360 1899 481 1966 ceri
522 1901 762 1960 minime
804 1911 1009 1982 posset
1053 1923 1095 1962 a
1139 1910 1305 1962 tanto
1351 1901 1788 1974 infirmioribuS,
1835 1902 1887 1962 si
1929 1902 2057 1968 sole
2101 1905 2260 1968 mole

362 2014 469 2056 sua
512 1995 981 2058 defenderentur.
1065 1997 1205 2059 Jam
1244 2019 1388 2059 vero
1422 2019 1557 2058 cum
1591 2006 1792 2058 tantus
1823 1999 2258 2076 sagittariorum

362 2109 635 2153 numerus
668 2115 703 2154 e
738 2096 993 2155 turribus
1034 2094 1283 2155 telorum
1316 2095 1562 2157 imbrem
1603 2095 1828 2160 eminus
1863 2103 2120 2174 sparget,
2158 2117 2270 2156 θοι·

361 2187 493 2264 quis
525 2189 779 2250 hostium
807 2190 1081 2270 suggredi
1115 2190 1468 2251 sustinebit?

444 2290 547 2346 39.
590 2293 607 2322 ‘
628 2283 851 2366 Neque
894 2308 1037 2348 vero
1084 2286 1293 2347 Sicula
1334 2287 1590 2347 victoria
1630 2306 1966 2366 quenquam
2015 2296 2262 2359 terreat,

363 2397 499 2456 qum
522 2388 585 2438 et
608 2382 740 2461 ipsa
764 2402 879 2442 non
908 2381 1170 2442 Cumis
1190 2382 1393 2454 decus,
1414 2380 1519 2441 sed
1538 2382 1828 2462 Agrippae
1853 2381 2260 2455 ministerium,

362 2473 544 2532 immo
570 2475 771 2536 classis
799 2499 945 2537 meae
970 2478 1203 2538 facinus
1227 2477 1363 2537 fuit.
1447 2475 1606 2535 Cum
1641 2477 1951 2557 mancipiis
1984 2486 2048 2538 et
2080 2478 2264 2538 iiber·

362 2568 441 2630 tis
478 2569 759 2652 Pompeii
784 2573 1151 2633 decertatum
1190 2581 1283 2633 est
1300 2593 1319 2632 ε
1358 2581 1423 2632 et
1454 2572 1600 2650 quid
1637 2575 1768 2650 ejus
1805 2573 1994 2652 copiae
2022 2573 2100 2632 ad
2126 2595 2260 2634 nos-

363 2667 532 2728 tras?
615 2667 701 2727 Et
722 2669 809 2729 sic
834 2678 1033 2728 tamen
1058 2668 1237 2728 semel
1262 2670 1596 2747 iterumque
1633 2666 1784 2726 foede
1821 2666 2144 2728 mulctatus
2167 2678 2268 2730 est

366 2762 475 2826 inte
516 2763 746 2836 Cesar,
790 2785 927 2824 cum
970 2767 1141 2825 unius
1185 2763 1407 2824 Siciliae
1448 2765 1603 2823 vires
1645 2765 1952 2844 oppositae
1993 2765 2258 2827 haberet.

368 2857 463 2922 At
486 2869 673 2939 quota
696 2881 835 2942 pars
857 2862 1087 2943 imperii
1111 2862 1291 2929 nostri
1317 2869 1411 2921 est
1435 2859 1688 2922 Sicilia?
1731 2859 1846 2932 Ut,
1873 2862 1923 2919 si
1949 2863 2082 2940 quis
2105 2863 2260 2924 hanc

362 2955 681 3032 subegerit,
718 2956 1123 3017 formidandus
1161 2977 1289 3016 esse
1333 2955 1505 3014 nobis
1544 2955 1849 3019 videatur!
1935 2955 2072 3034 Ego
2119 2977 2266 3018 vero

364 3057 491 3112 tam
528 3070 735 3130 parum
775 3051 903 3109 istis
944 3051 1171 3110 eventis
1208 3070 1473 3124 moveor,
1508 3058 1598 3122 nt,
1625 3069 1757 3110 cum
1799 3052 2016 3130 possim
2054 3060 2119 3112 et
2155 3073 2270 3132 pe·-

365 3144 551 3208 deutri
589 3145 754 3206 bello
792 3147 1045 3216 vincere,
1086 3147 1377 3206 maritimo
1420 3147 1677 3224 experiri
1719 3145 2048 3216 maluerim,
2089 3151 2263 3226 cujus

366 3243 677 3302 victoriam
710 3261 911 3302 secum
946 3249 1265 3303 tracturam
1302 3241 1503 3301 omnia
1535 3243 1850 3322 prospicio.
1933 3241 2102 3302 Nam
2127 3243 2262 3304 hos-2

366 3339 515 3398 tium
541 3338 801 3418 legiones
834 3339 895 3398 in
932 3347 1183 3418 angusta
1217 3337 1527 3398 conclusas
1548 3337 1719 3416 quusi
1745 3335 2001 3414 quadam
2043 3338 2268 3410 insuia,

366 3455 503 3496 cnm
526 3437 727 3494 omnia
748 3437 907 3494 circa
930 3443 1129 3494 nostra
1150 3434 1289 3505 sint,
1314 3431 1573 3492 sedendo
1590 3433 1614 3469 ³
1643 3431 1940 3512 deinceps,
1967 3442 2032 3494 et
2053 3453 2258 3494 arcen-

366 3531 449 3591 do
475 3537 701 3590 tentum
735 3539 1117 3600 commeatus,
1154 3529 1313 3610 quod
1348 3549 1508 3588 mare
1542 3528 1876 3588 tenentibus
1913 3527 2261 3590 facillimum

367 3627 501 3697 erit,
526 3628 1011 3707 expugnabimus.

448 3731 551 3783 40.
595 3733 611 3758 ‘
638 3722 815 3795 Dixi,
840 3723 1075 3794 milites,
1104 3731 1329 3802 quanta
1352 3722 1642 3782 brevitate
1677 3723 1865 3802 potui,
1891 3723 2130 3802 quantis
2164 3742 2264 3782 ar-

372 3821 664 3898 gumentis
685 3821 991 3880 victoriam
1016 3819 1185 3878 nobis
1206 3827 1427 3880 certum
1452 3819 1657 3878 deberi
1682 3820 2012 3879 arbitrarer.
2072 3816 2262 3877 Nunc

370 3917 572 3988 etiam,
593 3915 754 3997 quod
778 3936 950 3976 omen
978 3915 1085 3975 Dii
1112 3915 1417 3975 avertant!
1460 3915 1605 3994 quid
1625 3916 1798 3975 victis
1821 3913 2259 3994 expectandum

372 4014 471 4084 nit,
496 4015 789 4092 cogitate3
833 4033 953 4092 quo
976 4011 1185 4072 fortius
1222 4031 1477 4092 pugnem
1516 4013 1858 4091 capessatis,
1884 4011 2090 4090 hisque
2129 4010 2262 4070 ani-

470 4271 487 4278 „
588 4215 619 4260 8
656 4213 720 4262 In
737 4215 943 4276 ansts
963 4209 1375 4274 melmin-sul«
1394 4209 1596 4261 κάαὼ
1618 4207 1740 4260 edd.
1755 4217 1878 4292 ante
1897 4209 2047 4260 Creu.
