3159 4959
860 459 1065 540 inem
1116 458 1455 507 cxxxvi.
1502 458 2150 510 surenamnwruu.
2435 444 2610 511 5855

393 602 639 679 Chegan
668 599 1005 680 permansit,
1045 618 1198 659 unus
1239 598 1431 658 Indiae
1468 600 1840 680 sapientum;
1886 599 2286 679 spectaculum

388 696 611 756 Caesari
632 696 1021 765 exhibiturus,
1044 693 1219 773 quale
1234 694 1513 754 calanus
1530 695 1671 753 olim
1695 693 2071 755 Alexandro.
2135 696 2286 755 Cum

388 793 543 851 enim
570 791 843 850 Athenas
864 798 1103 855 ventum
1128 799 1305 859 esset,
1342 790 1563 849 initiari
1593 791 1797 859 sacris,
1826 809 2186 869 quanquam,
2223 800 2292 851 ut

394 889 580 956 aiunt,
610 886 803 945 alieno
836 894 1121 969 tempore,
1158 884 1387 944 v'oluit:
1430 892 1690 963 votoque
1727 884 1966 963 potitus,
2001 906 2137 945 cum
2181 894 2198 921 ‘
2225 906 2288 945 se

390 985 562 1043 rebus
598 981 867 1041 secundis
892 1001 1121 1060 semper
1160 1000 1352 1048 usum,
1396 980 1742 1059 priusquam
1783 979 2046 1039 adversm
2085 1000 2288 1041 sucee-

386 1080 593 1141 derent
634 1077 929 1137 abiturum
972 1076 1127 1134 vita'
1158 1083 1493 1143 testaretur,
1528 1074 1688 1134 nudo
1725 1084 2020 1153 unctoque
2045 1094 2290 1155 corpore

384 1174 579 1235 ridens
629 1174 689 1231 in
742 1190 948 1249 rogum
998 1171 1244 1229 insiluit.
1354 1169 1706 1249 Sepulcrum
1760 1171 1818 1228 ei
1867 1178 2148 1229 structum
2203 1180 2294 1230 est

390 1269 675 1335 Athenis,
714 1284 1043 1343 nomenque
1088 1266 1406 1344 ascriptum
1446 1284 1746 1343 genusque
1773 1266 1998 1334 mortis,
2031 1264 2291 1343 adjecto,

392 1374 407 1399 ‘
450 1362 671 1422 Indum
698 1381 775 1421 ex
807 1361 1105 1437 Bargosa’
1147 1359 1345 1419 fuisse.
1427 1360 1588 1424 Qu‘ae
1613 1360 1666 1417 si
1692 1380 1766 1420 ea
1791 1369 1902 1429 est,
1943 1379 2122 1439 quam
2150 1380 2290 1419 auc·
2348 1388 2554 1441 Ptolem.

394 1468 549 1517 tores
584 1456 685 1515 alii
722 1456 1101 1533 Barygazam
1134 1453 1536 1535 appellarunt,
1576 1455 1636 1513 in
1667 1455 1870 1515 littore
1895 1454 2294 1515 Calecutiensi
2319 1470 2414 1502 vu.
2440 1460 2485 1505 1.

394 1574 509 1617 non
540 1552 744 1632 procul
770 1552 937 1611 ostiis
960 1550 1103 1611 Indi
1128 1550 1449 1629 quaeoenda
1472 1550 1752 1625 creditur.

420 1674 427 1681 ·
468 1656 569 1708 29.
612 1647 751 1707 Jam
792 1646 1161 1706 consulatum
1202 1646 1263 1705 in
1305 1644 1581 1705 Urbe-C.
1613 1646 1853 1707 Sentius
1878 1646 1954 1705 C.
1986 1646 2055 1705 F.
2086 1644 2294 1706 Satur·
2349 1664 2447 1714 Dio
2471 1673 2523 1713 et

392 1746 583 1813 ninus,
612 1743 771 1822 quod
816 1742 1041 1811 itidem,
1085 1752 1153 1801 ut
1189 1743 1487 1822 superiore
1528 1762 1684 1802 anno
1726 1752 1856 1801 erat
1885 1742 2132 1811 factum,
2155 1742 2290 1801 Au·
2318 1730 2618 1781 V0¹¹·¹¹·⁹²·

392 1850 561 1918 gusto
602 1840 1011 1899 reservabatur
1052 1838 1237 1909 locus,
1264 1838 1425 1899 solus
1468 1839 1734 1915 gerebat,
1779 1838 2008 1899 fortiter
2049 1858 2192 1897 sane
2231 1848 2296 1898 et

392 1936 782 1997 constanter!
862 1933 1033 1993 Nam
1059 1944 1123 1993 et
1149 1934 1596 2013 publicanorum
1633 1932 1841 1992 fraude
1881 1934 2166 2003 coercita,
2192 1953 2294 2011 pe-

394 2034 599 2093 cunias
640 2030 925 2111 publicas
950 2031 1009 2089 in
1050 2031 1337 2089 aerarium·
1363 2029 1601 2096 retulit;
1645 2038 1710 2089 et
1746 2028 2002 2087 comitiis
2039 2037 2296 2107 quaesto-
2357 2086 2362 2089 .

396 2148 547 2197 rum,
574 2146 725 2206 quos
763 2125 1036 2203 indignos
1064 2123 1405 2203 judicabat,
1435 2122 1692 2203 profiteri
1736 2124 1954 2191 vetuit3
1997 2134 2062 2182 et
2099 2144 2295 2203 perse-

397 2223 755 2292 verantibus,
794 2221 1165 2281 consularem
1193 2220 1541 2290 vindictam,
1566 2220 1616 2279 si
1647 2220 1706 2278 in
1733 2219 2028 2299 Campum
2053 2219 2296 2279 descen—

384 2318 639 2391 ament,
690 2318 1097 2376 interminatus
1146 2325 1254 2376 est.
1342 2315 1768 2377 Consularibus
1815 2316 2069 2375 comitiis
2111 2315 2300 2393 major

399 2414 575 2473 etiam
618 2413 803 2471 moles
846 2412 999 2470 fuit:
1042 2421 1351 2491 postquam
1380 2410 1726 2487 Augustum
1773 2409 1936 2469 nolle
1977 2408 2150 2479 fieris
2175 2418 2296 2469 tum

400 2527 636 2587 quoque
660 2505 1053 2567 renuntiatum
1078 2516 1190 2567 est.
1276 2504 1611 2565 Seditiones
1635 2506 1810 2564 etiam
1851 2514 1914 2564 et
1949 2504 2156 2563 caedes‘
2175 2503 2302 2564 fac-

403 2615 519 2663 tre:
564 2603 867 2683 praecipua
910 2601 1059 2661 Rufi
1082 2602 1349 2679 ·Egnatii
1374 2600 1682 2671 violentia,
1709 2600 1814 2679 qui
1853 2599 2058 2659 favore
2099 2599 2302 2679 populi

399 2701 707 2767 subnixae,
727 2718 1066 2777 quanquam
1086 2706 1323 2757 vetante
1350 2695 1581 2767 Sentio,
1600 2694 1860 2776 profiteri
1887 2699 2300 2775 perseveravit.

399 2796 555 2855 Tum
582 2796 709 2875 pari
735 2795 1031 2855 veteribus
1054 2791 1394 2853 consulibus
1420 2791 1888 2871 animo,³juravit
1913 2790 2172 2862 Sentius,
2215 2802 2232 2827 ‘
2251 2794 2302 2852 si

402 2890 643 2970 quidem
670 2889 962 2969 suffragiis
988 2889 1193 2969 populi
1217 2888 1424 2948 consul
1451 2887 1646 2949 factus
1667 2896 1822 2947 esset
1847 2887 2160 2965 Egnatius,
2187 2908 2304 2948 non

403 2986 911 3047 renuntiaturum!
997 2984 1153 3043 Cum
1194 2982 1336 3043 finis·
1370 2981 1672 3062 pugnandi
1709 3001 1826 3041 non
1852 2982 2042 3051 fieret,
2067 2993 2304 3043 senatus

408 3078 743 3160 praesidium
783 3078 1010 3137 consuli
1048 3077 1347 3137 decrevit:
1380 3088 1581 3155 'eoque
1623 3075 1994 3156 repudiante,
2023 3079 2306 3137 miserunt

406 3176 485 3235 ad
511 3175 853 3253 Augustum
895 3173 1145 3252 legatos,
1192 3173 1347 3233 binis
1389 3172 1606 3231 additis
1639 3172 1962 3232 lictoribus,
2047 3172 2166 3233 Ille
2207 3194 2304 3233 su·
2331 3206 2448 3255 Dio.

407 3272 647 3353 perieris
684 3270 821 3330 anni
854 3269 1101 3330 coasilio
1134 3289 1251 3329 non
1287 3288 1459 3349 posse
1495 3270 1692 3327 sanari
1727 3269 2040 3347 praesentia
2071 3280 2304 3349 putans,

410 3371 495 3435 Q.
525 3368 885 3438 Lucretium,
916 3367 1023 3446 qui
1058 3367 1117 3425 in
1154 3383 1395 3425 numero
1426 3365 1756 3443 legatorum
1793 3373 1942 3435 erat,
1969 3385 2305 3445 quanquam
2362 3369 2475 3419 Val-
2493 3369 2629 3419 Mu.

408 3466 469 3525 in
508 3464 879 3523 triumviratu
920 3461 1328 3541 proscriptum,
1354 3460 1658 3521 consulem
1695 3460 2050 3539 designavit,
2085 3470 2150 3521 et
2187 3462 2308 3541 ipse
2331 3438 2577 3560 vxgfiian.

408 3560 841 3639 quamprimum
860 3558 945 3617 ire
972 3556 1237 3617 Romam
1260 3556 1583 3617 constituit.
2335 3560 2443 3609 Civ.
2469 3578 2562 3637 ιν..
2579 3576 2629 3624 p.

442 3664 449 3673 ‘
490 3661 591 3715 30.
632 3652 997 3713 Advenienti
1022 3653 1263 3715 decreta
1288 3652 1515 3711 multa:
1558 3651 1707 3711 nihil
1737 3660 2073 3731 acceptum,
2103 3664 2310 3730 praeter
2333 3629 2447 3674 ⁰¹⁵·
2489 3624 2612 3731 ,θ’θ’

413 3769 577 3810 aram
620 3748 893 3808 Fortunae
932 3749 1159 3820 reduci,
1203 3758 1267 3807 et
1306 3747 1764 3807 anniversarium
1805 3768 1878 3806 eo
1918 3746 2016 3805 die
2055 3765 2307 3819 sacrum,
2335 3720 2586 3835 cix-⁰⁶·

410 3847 521 3905 sub
596 3844 1085 3923 Augustaliorum
1149 3842 1465 3913 vocabule,
1527 3862 1662 3902 cum
1733 3842 1890 3901 ludis
1953 3841 2307 3902 solennibuS.
2335 3847 2454 3899 Dio.

414 3942 744 4019 Pugnabat
782 3950 979 4001 tamen
1022 3949 1259 4000 senatus
1298 3938 1670 4019 populusque
1718 3938 2051 4009 Romanus,
2094 3949 2162 3997 ut
2203 3940 2310 3997 ob·-
2366 3962 2564 4011 smum,

413 4040 572 4101 viam
618 4040 685 4098 iri
738 4048 1051 4119 pateretur.
1110 4035 1381 4125 tIdcirco
1435 4034 1837 4095 declinaturus
1892 4034 2046 4094 hanc
2101 4035 2308 4095 moles·
2334 4025 2462 4137 ssffi·
2485 4029 2568 4075 ⁶⁸·

1002 4244 1031 4272 ⁸
1066 4242 1134 4293 A.
1156 4242 1220 4291 U.
1248 4242 1306 4294 C.
1330 4243 1446 4293 ⁷³3.
1514 4240 1581 4291 A.
1607 4242 1667 4291 C.
1697 4244 1776 4289 19.
